timestamp,bid_1_price,bid_1_size,bid_2_price,bid_2_size,bid_3_price,bid_3_size,bid_4_price,bid_4_size,bid_5_price,bid_5_size,bid_6_price,bid_6_size,bid_7_price,bid_7_size,bid_8_price,bid_8_size,bid_9_price,bid_9_size,bid_10_price,bid_10_size,bid_11_price,bid_11_size,bid_12_price,bid_12_size,bid_13_price,bid_13_size,bid_14_price,bid_14_size,bid_15_price,bid_15_size,ask_1_price,ask_1_size,ask_2_price,ask_2_size,ask_3_price,ask_3_size,ask_4_price,ask_4_size,ask_5_price,ask_5_size,ask_6_price,ask_6_size,ask_7_price,ask_7_size,ask_8_price,ask_8_size,ask_9_price,ask_9_size,ask_10_price,ask_10_size,ask_11_price,ask_11_size,ask_12_price,ask_12_size,ask_13_price,ask_13_size,ask_14_price,ask_14_size,ask_15_price,ask_15_size
1757800369.2722602,239.77,584.2,239.82,521.6,239.76,564.5,239.83,600.1,239.75,473.2,239.84,530.2,239.74,611.7,239.85,538.7,239.73,639.0,239.86,544.9,239.72,520.9,239.87,631.8,239.71,415.7,239.88,435.6,239.70,544.8,239.89,508.4,239.69,664.7,239.90,644.6,239.68,388.3,239.91,472.0,239.67,510.6,239.92,596.6,239.66,542.9,239.93,498.8,239.65,382.7,239.94,389.2,239.64,444.7,239.95,560.5,239.63,476.7,239.96,678.9
1757800370.8618023,239.77,584.2,239.82,468.7,239.76,564.5,239.83,467.3,239.75,473.2,239.84,633.0,239.74,611.7,239.85,670.0,239.73,639.0,239.86,546.2,239.72,520.9,239.87,648.7,239.71,415.7,239.88,429.8,239.70,544.8,239.89,577.5,239.69,664.7,239.90,571.1,239.68,388.3,239.91,481.3,239.67,510.6,239.92,683.5,239.66,542.9,239.93,462.8,239.65,382.7,239.94,428.6,239.64,444.7,239.95,515.0,239.63,476.7,239.96,637.7
1757800370.95963,239.77,545.4,239.82,468.7,239.76,438.6,239.83,467.3,239.75,587.4,239.84,633.0,239.74,417.1,239.85,670.0,239.73,432.2,239.86,546.2,239.72,651.4,239.87,648.7,239.71,595.5,239.88,429.8,239.70,426.6,239.89,577.5,239.69,674.8,239.90,571.1,239.68,593.6,239.91,481.3,239.67,406.1,239.92,683.5,239.66,608.8,239.93,462.8,239.65,423.7,239.94,428.6,239.64,565.7,239.95,515.0,239.63,381.0,239.96,637.7
1757800373.1612582,239.77,545.4,239.86,499.7,239.76,438.6,239.87,479.0,239.75,587.4,239.88,460.0,239.74,417.1,239.89,518.2,239.73,432.2,239.90,686.7,239.72,651.4,239.91,449.7,239.71,595.5,239.92,397.0,239.70,426.6,239.93,395.8,239.69,674.8,239.94,475.0,239.68,593.6,239.95,383.7,239.67,406.1,239.96,445.6,239.66,608.8,239.97,697.7,239.65,423.7,239.98,479.2,239.64,565.7,239.99,401.3,239.63,381.0,240.00,581.8
1757800373.2645955,239.81,423.5,239.86,499.7,239.80,426.9,239.87,479.0,239.79,530.5,239.88,460.0,239.78,550.6,239.89,518.2,239.77,622.2,239.90,686.7,239.76,602.0,239.91,449.7,239.75,401.4,239.92,397.0,239.74,659.2,239.93,395.8,239.73,688.4,239.94,475.0,239.72,476.5,239.95,383.7,239.71,403.6,239.96,445.6,239.70,473.7,239.97,697.7,239.69,692.1,239.98,479.2,239.68,676.0,239.99,401.3,239.67,525.8,240.00,581.8
1757800375.3611715,239.81,423.5,239.87,602.0,239.80,426.9,239.88,473.3,239.79,530.5,239.89,529.3,239.78,550.6,239.90,617.9,239.77,622.2,239.91,623.9,239.76,602.0,239.92,590.9,239.75,401.4,239.93,449.2,239.74,659.2,239.94,416.9,239.73,688.4,239.95,408.6,239.72,476.5,239.96,543.3,239.71,403.6,239.97,677.2,239.70,473.7,239.98,680.7,239.69,692.1,239.99,562.7,239.68,676.0,240.00,515.1,239.67,525.8,240.01,624.6
1757800375.4667368,239.82,500.6,239.87,602.0,239.81,436.8,239.88,473.3,239.80,630.4,239.89,529.3,239.79,654.0,239.90,617.9,239.78,637.2,239.91,623.9,239.77,407.1,239.92,590.9,239.76,598.2,239.93,449.2,239.75,671.4,239.94,416.9,239.74,482.6,239.95,408.6,239.73,604.7,239.96,543.3,239.72,551.5,239.97,677.2,239.71,672.3,239.98,680.7,239.70,623.4,239.99,562.7,239.69,519.5,240.00,515.1,239.68,505.2,240.01,624.6
1757800377.5603223,239.82,500.6,239.87,602.0,239.81,436.8,239.88,473.3,239.80,630.4,239.89,529.3,239.79,654.0,239.90,1101.0,239.78,637.2,239.91,623.9,239.77,407.1,239.92,590.9,239.76,598.2,239.93,449.2,239.75,671.4,239.94,416.9,239.74,482.6,239.95,408.6,239.73,604.7,239.96,543.3,239.72,551.5,239.97,1277.8,239.71,672.3,239.98,680.7,239.70,623.4,239.99,562.7,239.69,519.5,240.00,515.1,239.68,505.2,240.01,624.6
1757800377.6602554,239.82,500.6,239.87,549.0,239.81,436.8,239.88,446.9,239.80,630.4,239.89,654.5,239.79,654.0,239.90,483.1,239.78,637.2,239.91,564.1,239.77,407.1,239.92,474.1,239.76,598.2,239.93,448.0,239.75,671.4,239.94,429.5,239.74,482.6,239.95,623.6,239.73,604.7,239.96,636.8,239.72,551.5,239.97,600.6,239.71,672.3,239.98,700.6,239.70,623.4,239.99,552.3,239.69,519.5,240.00,492.1,239.68,505.2,240.01,406.5
1757800377.7607372,239.82,678.4,239.87,549.0,239.81,566.0,239.88,446.9,239.80,492.4,239.89,654.5,239.79,679.1,239.90,483.1,239.78,520.9,239.91,564.1,239.77,649.9,239.92,474.1,239.76,484.4,239.93,448.0,239.75,659.5,239.94,429.5,239.74,447.4,239.95,623.6,239.73,577.6,239.96,636.8,239.72,518.8,239.97,600.6,239.71,674.6,239.98,700.6,239.70,552.5,239.99,552.3,239.69,605.0,240.00,492.1,239.68,564.4,240.01,406.5
1757800379.961173,239.82,678.4,239.87,421.3,239.81,566.0,239.88,380.8,239.80,492.4,239.89,385.8,239.79,679.1,239.90,492.7,239.78,520.9,239.91,663.3,239.77,649.9,239.92,383.9,239.76,484.4,239.93,420.2,239.75,659.5,239.94,584.0,239.74,447.4,239.95,543.9,239.73,577.6,239.96,663.1,239.72,518.8,239.97,510.7,239.71,674.6,239.98,477.0,239.70,552.5,239.99,655.8,239.69,605.0,240.00,570.5,239.68,564.4,240.01,649.2
1757800380.0606854,239.82,382.8,239.87,421.3,239.81,501.0,239.88,380.8,239.80,575.9,239.89,385.8,239.79,502.9,239.90,492.7,239.78,648.4,239.91,663.3,239.77,510.4,239.92,383.9,239.76,462.6,239.93,420.2,239.75,457.8,239.94,584.0,239.74,405.0,239.95,543.9,239.73,634.0,239.96,663.1,239.72,478.2,239.97,510.7,239.71,689.0,239.98,477.0,239.70,413.9,239.99,655.8,239.69,592.0,240.00,570.5,239.68,580.8,240.01,649.2
1757800382.262986,239.82,382.8,239.87,432.2,239.81,501.0,239.88,546.9,239.80,575.9,239.89,688.8,239.79,502.9,239.90,684.1,239.78,648.4,239.91,472.5,239.77,510.4,239.92,510.3,239.76,462.6,239.93,387.0,239.75,457.8,239.94,606.7,239.74,405.0,239.95,631.4,239.73,634.0,239.96,414.3,239.72,478.2,239.97,594.4,239.71,689.0,239.98,445.5,239.70,413.9,239.99,461.7,239.69,592.0,240.00,444.6,239.68,580.8,240.01,404.7
1757800382.360387,239.82,566.5,239.87,432.2,239.81,483.0,239.88,546.9,239.80,607.1,239.89,688.8,239.79,600.8,239.90,684.1,239.78,452.5,239.91,472.5,239.77,529.9,239.92,510.3,239.76,576.8,239.93,387.0,239.75,610.6,239.94,606.7,239.74,486.2,239.95,631.4,239.73,432.0,239.96,414.3,239.72,575.7,239.97,594.4,239.71,687.4,239.98,445.5,239.70,517.8,239.99,461.7,239.69,430.3,240.00,444.6,239.68,636.8,240.01,404.7
1757800384.4603295,239.82,579.8,239.87,584.5,239.81,467.2,239.88,486.1,239.80,637.7,239.89,579.2,239.79,540.7,239.90,599.3,239.78,693.1,239.91,576.6,239.77,492.2,239.92,681.4,239.76,395.8,239.93,531.1,239.75,420.5,239.94,519.6,239.74,525.2,239.95,677.1,239.73,447.3,239.96,695.8,239.72,672.5,239.97,448.4,239.71,629.7,239.98,669.6,239.70,690.9,239.99,490.1,239.69,664.1,240.00,648.3,239.68,667.8,240.01,409.6
1757800386.6604347,239.80,539.5,239.85,469.3,239.79,696.4,239.86,380.0,239.78,425.7,239.87,1228.1,239.77,503.8,239.88,873.8,239.76,520.2,239.89,1088.6,239.75,619.3,239.90,1134.6,239.74,426.5,239.91,997.3,239.73,700.4,239.92,1265.3,239.72,387.2,239.93,1057.7,239.71,607.0,239.94,1005.9,239.70,670.6,239.95,1175.2,239.69,573.3,239.96,1181.9,239.68,500.5,239.97,1089.6,239.67,557.9,239.98,1236.2,239.66,505.9,239.99,1112.3
1757800386.7633235,239.80,539.5,239.85,469.3,239.79,696.4,239.86,380.0,239.78,425.7,239.87,649.3,239.77,503.8,239.88,387.7,239.76,520.2,239.89,509.4,239.75,619.3,239.90,535.3,239.74,426.5,239.91,420.7,239.73,700.4,239.92,583.9,239.72,387.2,239.93,526.6,239.71,607.0,239.94,486.3,239.70,670.6,239.95,498.1,239.69,573.3,239.96,486.1,239.68,500.5,239.97,641.2,239.67,557.9,239.98,566.6,239.66,505.9,239.99,622.2
1757800388.8641362,239.80,539.5,239.85,622.8,239.79,696.4,239.86,562.5,239.78,425.7,239.87,571.3,239.77,503.8,239.88,614.7,239.76,520.2,239.89,452.3,239.75,619.3,239.90,516.7,239.74,426.5,239.91,437.9,239.73,700.4,239.92,395.8,239.72,387.2,239.93,620.2,239.71,607.0,239.94,586.8,239.70,670.6,239.95,515.9,239.69,573.3,239.96,568.9,239.68,500.5,239.97,378.5,239.67,557.9,239.98,628.8,239.66,505.9,239.99,593.8
1757800388.9607286,239.80,496.6,239.85,622.8,239.79,679.1,239.86,562.5,239.78,597.4,239.87,571.3,239.77,472.4,239.88,614.7,239.76,545.0,239.89,452.3,239.75,591.7,239.90,516.7,239.74,456.3,239.91,437.9,239.73,557.6,239.92,395.8,239.72,493.3,239.93,620.2,239.71,387.2,239.94,586.8,239.70,614.1,239.95,515.9,239.69,444.3,239.96,568.9,239.68,676.7,239.97,378.5,239.67,532.8,239.98,628.8,239.66,603.8,239.99,593.8
1757800391.0602658,239.80,1149.6,239.85,631.4,239.79,679.1,239.86,553.3,239.78,597.4,239.87,696.8,239.77,472.4,239.88,568.9,239.76,545.0,239.89,546.1,239.75,591.7,239.90,502.4,239.74,456.3,239.91,665.7,239.73,557.6,239.92,648.3,239.72,493.3,239.93,492.1,239.71,387.2,239.94,474.7,239.70,614.1,239.95,546.6,239.69,444.3,239.96,513.2,239.68,676.7,239.97,543.7,239.67,532.8,239.98,559.2,239.66,603.8,239.99,478.8
1757800391.1621232,239.80,653.0,239.85,631.4,239.79,546.2,239.86,553.3,239.78,507.3,239.87,696.8,239.77,466.4,239.88,568.9,239.76,586.7,239.89,546.1,239.75,655.9,239.90,502.4,239.74,401.7,239.91,665.7,239.73,691.6,239.92,648.3,239.72,697.4,239.93,492.1,239.71,379.6,239.94,474.7,239.70,439.1,239.95,546.6,239.69,689.6,239.96,513.2,239.68,521.5,239.97,543.7,239.67,531.9,239.98,559.2,239.66,572.2,239.99,478.8
1757800393.2720625,239.80,653.0,239.85,625.4,239.79,546.2,239.86,403.9,239.78,507.3,239.87,395.0,239.77,466.4,239.88,402.4,239.76,586.7,239.89,568.4,239.75,655.9,239.90,396.1,239.74,401.7,239.91,653.2,239.73,691.6,239.92,686.7,239.72,697.4,239.93,670.7,239.71,379.6,239.94,594.6,239.70,439.1,239.95,620.7,239.69,689.6,239.96,693.4,239.68,521.5,239.97,394.7,239.67,531.9,239.98,431.3,239.66,572.2,239.99,528.2
1757800393.3608928,239.80,629.7,239.85,625.4,239.79,446.8,239.86,403.9,239.78,452.3,239.87,395.0,239.77,536.6,239.88,402.4,239.76,636.8,239.89,568.4,239.75,604.8,239.90,396.1,239.74,396.4,239.91,653.2,239.73,605.3,239.92,686.7,239.72,440.5,239.93,670.7,239.71,427.4,239.94,594.6,239.70,614.9,239.95,620.7,239.69,597.8,239.96,693.4,239.68,541.2,239.97,394.7,239.67,634.9,239.98,431.3,239.66,529.0,239.99,528.2
1757800395.462964,239.80,629.7,239.85,496.1,239.79,446.8,239.86,529.4,239.78,452.3,239.87,686.1,239.77,536.6,239.88,576.3,239.76,636.8,239.89,417.9,239.75,604.8,239.90,483.2,239.74,396.4,239.91,392.6,239.73,605.3,239.92,424.0,239.72,440.5,239.93,512.3,239.71,427.4,239.94,491.5,239.70,614.9,239.95,410.2,239.69,597.8,239.96,488.3,239.68,541.2,239.97,684.2,239.67,634.9,239.98,670.6,239.66,529.0,239.99,410.9
1757800395.5602713,239.80,393.7,239.85,496.1,239.79,404.2,239.86,529.4,239.78,507.5,239.87,686.1,239.77,532.8,239.88,576.3,239.76,504.8,239.89,417.9,239.75,674.8,239.90,483.2,239.74,484.7,239.91,392.6,239.73,499.0,239.92,424.0,239.72,410.1,239.93,512.3,239.71,426.3,239.94,491.5,239.70,574.0,239.95,410.2,239.69,672.2,239.96,488.3,239.68,624.2,239.97,684.2,239.67,411.4,239.98,670.6,239.66,503.3,239.99,410.9
1757800397.6609256,239.80,393.7,239.85,1186.8,239.79,404.2,239.86,1019.3,239.78,507.5,239.87,686.1,239.77,532.8,239.88,576.3,239.76,504.8,239.89,417.9,239.75,674.8,239.90,873.8,239.74,484.7,239.91,392.6,239.73,499.0,239.92,424.0,239.72,410.1,239.93,1199.9,239.71,426.3,239.94,491.5,239.70,574.0,239.95,1062.4,239.69,672.2,239.96,488.3,239.68,624.2,239.97,684.2,239.67,411.4,239.98,670.6,239.66,503.3,239.99,928.4
1757800397.761274,239.80,556.0,239.85,690.7,239.79,602.8,239.86,489.9,239.78,481.0,239.87,597.3,239.77,380.1,239.88,700.5,239.76,513.2,239.89,666.5,239.75,558.8,239.90,390.6,239.74,701.1,239.91,685.8,239.73,412.6,239.92,607.3,239.72,441.2,239.93,687.6,239.71,491.2,239.94,396.0,239.70,636.6,239.95,652.2,239.69,685.3,239.96,414.7,239.68,505.4,239.97,478.6,239.67,427.3,239.98,594.1,239.66,479.3,239.99,517.5
1757800399.8665688,239.80,556.0,239.85,532.7,239.79,602.8,239.86,417.1,239.78,481.0,239.87,658.6,239.77,380.1,239.88,393.1,239.76,513.2,239.89,698.9,239.75,558.8,239.90,666.8,239.74,701.1,239.91,454.9,239.73,412.6,239.92,523.4,239.72,441.2,239.93,669.3,239.71,491.2,239.94,502.8,239.70,636.6,239.95,652.6,239.69,685.3,239.96,585.4,239.68,505.4,239.97,611.8,239.67,427.3,239.98,437.0,239.66,479.3,239.99,409.3
1757800399.9617987,239.80,635.8,239.85,532.7,239.79,607.1,239.86,417.1,239.78,473.2,239.87,658.6,239.77,575.0,239.88,393.1,239.76,511.1,239.89,698.9,239.75,471.7,239.90,666.8,239.74,489.5,239.91,454.9,239.73,700.8,239.92,523.4,239.72,531.6,239.93,669.3,239.71,544.2,239.94,502.8,239.70,429.2,239.95,652.6,239.69,474.2,239.96,585.4,239.68,581.6,239.97,611.8,239.67,528.4,239.98,437.0,239.66,439.4,239.99,409.3
1757800402.1611412,239.80,635.8,239.85,404.1,239.79,607.1,239.86,523.5,239.78,473.2,239.87,435.4,239.77,575.0,239.88,492.7,239.76,511.1,239.89,560.0,239.75,471.7,239.90,598.2,239.74,489.5,239.91,644.9,239.73,700.8,239.92,567.3,239.72,531.6,239.93,541.7,239.71,544.2,239.94,422.1,239.70,429.2,239.95,512.5,239.69,474.2,239.96,675.0,239.68,581.6,239.97,565.0,239.67,528.4,239.98,529.5,239.66,439.4,239.99,463.6
1757800402.2759137,239.80,633.8,239.85,404.1,239.79,401.3,239.86,523.5,239.78,390.1,239.87,435.4,239.77,609.3,239.88,492.7,239.76,699.5,239.89,560.0,239.75,410.6,239.90,598.2,239.74,607.6,239.91,644.9,239.73,616.8,239.92,567.3,239.72,677.9,239.93,541.7,239.71,666.9,239.94,422.1,239.70,500.0,239.95,512.5,239.69,634.7,239.96,675.0,239.68,477.9,239.97,565.0,239.67,673.7,239.98,529.5,239.66,551.8,239.99,463.6
1757800404.4685163,239.80,417.7,239.85,393.0,239.79,575.6,239.86,661.8,239.78,478.5,239.87,424.8,239.77,485.0,239.88,697.5,239.76,1178.9,239.89,385.4,239.75,380.7,239.90,487.3,239.74,585.2,239.91,463.7,239.73,603.1,239.92,387.4,239.72,626.9,239.93,465.6,239.71,445.0,239.94,440.5,239.70,475.6,239.95,567.3,239.69,391.4,239.96,450.6,239.68,551.6,239.97,486.9,239.67,1159.1,239.98,472.5,239.66,436.6,239.99,635.2
1757800404.5665662,239.80,417.7,239.85,393.0,239.79,575.6,239.86,661.8,239.78,478.5,239.87,424.8,239.77,485.0,239.88,697.5,239.76,479.4,239.89,385.4,239.75,380.7,239.90,487.3,239.74,585.2,239.91,463.7,239.73,603.1,239.92,387.4,239.72,626.9,239.93,465.6,239.71,445.0,239.94,440.5,239.70,475.6,239.95,567.3,239.69,391.4,239.96,450.6,239.68,551.6,239.97,486.9,239.67,485.4,239.98,472.5,239.66,436.6,239.99,635.2
1757800406.6621826,239.80,417.7,239.85,601.0,239.79,575.6,239.86,661.5,239.78,478.5,239.87,441.4,239.77,485.0,239.88,400.5,239.76,479.4,239.89,681.3,239.75,380.7,239.90,591.1,239.74,585.2,239.91,540.4,239.73,603.1,239.92,391.8,239.72,626.9,239.93,479.2,239.71,445.0,239.94,541.7,239.70,475.6,239.95,690.9,239.69,391.4,239.96,615.7,239.68,551.6,239.97,479.5,239.67,485.4,239.98,522.5,239.66,436.6,239.99,431.1
1757800406.7602596,239.80,575.2,239.85,601.0,239.79,671.6,239.86,661.5,239.78,415.2,239.87,441.4,239.77,503.4,239.88,400.5,239.76,695.3,239.89,681.3,239.75,387.7,239.90,591.1,239.74,648.1,239.91,540.4,239.73,554.1,239.92,391.8,239.72,443.6,239.93,479.2,239.71,411.4,239.94,541.7,239.70,684.8,239.95,690.9,239.69,407.1,239.96,615.7,239.68,647.9,239.97,479.5,239.67,635.6,239.98,522.5,239.66,510.3,239.99,431.1
1757800408.961484,239.80,575.2,239.85,584.5,239.79,671.6,239.86,530.7,239.78,415.2,239.87,682.7,239.77,503.4,239.88,552.5,239.76,695.3,239.89,649.8,239.75,387.7,239.90,490.8,239.74,648.1,239.91,536.6,239.73,554.1,239.92,488.4,239.72,443.6,239.93,396.6,239.71,411.4,239.94,584.3,239.70,684.8,239.95,435.2,239.69,407.1,239.96,454.2,239.68,647.9,239.97,424.1,239.67,635.6,239.98,679.2,239.66,510.3,239.99,437.1
1757800409.0674107,239.80,579.4,239.85,584.5,239.79,460.1,239.86,530.7,239.78,439.6,239.87,682.7,239.77,600.2,239.88,552.5,239.76,630.2,239.89,649.8,239.75,484.5,239.90,490.8,239.74,555.3,239.91,536.6,239.73,379.5,239.92,488.4,239.72,388.1,239.93,396.6,239.71,566.9,239.94,584.3,239.70,533.7,239.95,435.2,239.69,613.3,239.96,454.2,239.68,433.2,239.97,424.1,239.67,572.6,239.98,679.2,239.66,686.2,239.99,437.1
1757800411.1623247,239.80,579.4,239.85,496.9,239.79,460.1,239.86,558.9,239.78,439.6,239.87,499.8,239.77,600.2,239.88,588.7,239.76,630.2,239.89,484.0,239.75,484.5,239.90,452.3,239.74,555.3,239.91,449.6,239.73,379.5,239.92,571.6,239.72,388.1,239.93,677.0,239.71,566.9,239.94,518.1,239.70,533.7,239.95,481.0,239.69,613.3,239.96,639.1,239.68,433.2,239.97,381.7,239.67,572.6,239.98,464.3,239.66,686.2,239.99,654.3
1757800411.265296,239.80,636.6,239.85,496.9,239.79,426.4,239.86,558.9,239.78,636.1,239.87,499.8,239.77,484.1,239.88,588.7,239.76,576.4,239.89,484.0,239.75,514.1,239.90,452.3,239.74,685.2,239.91,449.6,239.73,606.8,239.92,571.6,239.72,647.5,239.93,677.0,239.71,469.3,239.94,518.1,239.70,662.5,239.95,481.0,239.69,632.8,239.96,639.1,239.68,532.4,239.97,381.7,239.67,692.0,239.98,464.3,239.66,638.6,239.99,654.3
1757800413.3588848,239.80,636.6,239.85,404.3,239.79,426.4,239.86,688.2,239.78,636.1,239.87,383.8,239.77,484.1,239.88,501.8,239.76,576.4,239.89,528.9,239.75,514.1,239.90,510.4,239.74,685.2,239.91,687.7,239.73,606.8,239.92,506.0,239.72,647.5,239.93,475.3,239.71,469.3,239.94,685.2,239.70,662.5,239.95,670.1,239.69,632.8,239.96,682.8,239.68,532.4,239.97,589.8,239.67,692.0,239.98,541.8,239.66,638.6,239.99,462.5
1757800413.4626758,239.80,569.0,239.85,404.3,239.79,537.6,239.86,688.2,239.78,429.3,239.87,383.8,239.77,677.9,239.88,501.8,239.76,683.3,239.89,528.9,239.75,641.3,239.90,510.4,239.74,520.8,239.91,687.7,239.73,437.1,239.92,506.0,239.72,569.2,239.93,475.3,239.71,682.4,239.94,685.2,239.70,529.6,239.95,670.1,239.69,696.4,239.96,682.8,239.68,568.5,239.97,589.8,239.67,564.6,239.98,541.8,239.66,499.8,239.99,462.5
1757800415.5604548,239.80,569.0,239.85,419.5,239.79,537.6,239.86,491.7,239.78,429.3,239.87,524.3,239.77,677.9,239.88,564.4,239.76,683.3,239.89,665.1,239.75,641.3,239.90,408.9,239.74,520.8,239.91,615.0,239.73,437.1,239.92,387.8,239.72,569.2,239.93,639.0,239.71,682.4,239.94,380.7,239.70,529.6,239.95,672.0,239.69,696.4,239.96,412.6,239.68,568.5,239.97,571.3,239.67,564.6,239.98,472.4,239.66,499.8,239.99,510.0
1757800415.6629994,239.80,560.1,239.85,419.5,239.79,661.9,239.86,491.7,239.78,480.3,239.87,524.3,239.77,687.8,239.88,564.4,239.76,668.7,239.89,665.1,239.75,387.0,239.90,408.9,239.74,678.5,239.91,615.0,239.73,445.6,239.92,387.8,239.72,627.4,239.93,639.0,239.71,550.7,239.94,380.7,239.70,448.7,239.95,672.0,239.69,497.8,239.96,412.6,239.68,655.3,239.97,571.3,239.67,381.2,239.98,472.4,239.66,698.4,239.99,510.0
1757800415.9597068,239.80,560.1,239.85,382.6,239.79,661.9,239.86,491.7,239.78,480.3,239.87,524.3,239.77,687.8,239.88,564.4,239.76,668.7,239.89,665.1,239.75,387.0,239.90,408.9,239.74,678.5,239.91,615.0,239.73,445.6,239.92,387.8,239.72,627.4,239.93,639.0,239.71,550.7,239.94,380.7,239.70,448.7,239.95,672.0,239.69,497.8,239.96,412.6,239.68,655.3,239.97,571.3,239.67,381.2,239.98,472.4,239.66,698.4,239.99,510.0
1757800417.9636,239.80,560.1,239.85,624.5,239.79,661.9,239.86,463.9,239.78,480.3,239.87,686.7,239.77,687.8,239.88,465.0,239.76,668.7,239.89,673.6,239.75,387.0,239.90,378.6,239.74,678.5,239.91,491.2,239.73,445.6,239.92,553.8,239.72,627.4,239.93,664.2,239.71,550.7,239.94,584.4,239.70,448.7,239.95,517.2,239.69,497.8,239.96,480.0,239.68,655.3,239.97,522.4,239.67,381.2,239.98,507.4,239.66,698.4,239.99,587.8
1757800417.966723,239.80,588.5,239.85,624.5,239.79,522.0,239.86,463.9,239.78,622.3,239.87,686.7,239.77,536.9,239.88,465.0,239.76,518.1,239.89,673.6,239.75,533.5,239.90,378.6,239.74,508.9,239.91,491.2,239.73,466.1,239.92,553.8,239.72,527.5,239.93,664.2,239.71,599.7,239.94,584.4,239.70,539.9,239.95,517.2,239.69,578.8,239.96,480.0,239.68,476.7,239.97,522.4,239.67,425.2,239.98,507.4,239.66,525.2,239.99,587.8
1757800420.287444,239.80,588.5,239.85,580.3,239.79,522.0,239.86,659.9,239.78,622.3,239.87,408.0,239.77,536.9,239.88,441.1,239.76,518.1,239.89,584.7,239.75,533.5,239.90,427.2,239.74,508.9,239.91,567.3,239.73,466.1,239.92,634.1,239.72,527.5,239.93,529.7,239.71,599.7,239.94,606.6,239.70,539.9,239.95,406.4,239.69,578.8,239.96,635.5,239.68,476.7,239.97,531.6,239.67,425.2,239.98,423.8,239.66,525.2,239.99,565.0
1757800420.287444,239.80,683.0,239.85,580.3,239.79,538.3,239.86,659.9,239.78,447.1,239.87,408.0,239.77,494.0,239.88,441.1,239.76,569.8,239.89,584.7,239.75,686.3,239.90,427.2,239.74,451.4,239.91,567.3,239.73,677.4,239.92,634.1,239.72,498.2,239.93,529.7,239.71,689.9,239.94,606.6,239.70,549.4,239.95,406.4,239.69,613.3,239.96,635.5,239.68,423.4,239.97,531.6,239.67,389.5,239.98,423.8,239.66,607.3,239.99,565.0
1757800422.360294,239.80,683.0,239.85,599.4,239.79,538.3,239.86,615.3,239.78,447.1,239.87,617.6,239.77,494.0,239.88,592.4,239.76,569.8,239.89,511.3,239.75,686.3,239.90,459.7,239.74,451.4,239.91,453.3,239.73,677.4,239.92,488.4,239.72,498.2,239.93,560.4,239.71,689.9,239.94,590.1,239.70,549.4,239.95,459.6,239.69,613.3,239.96,424.2,239.68,423.4,239.97,447.2,239.67,389.5,239.98,613.2,239.66,607.3,239.99,577.5
1757800422.464567,239.80,428.5,239.85,599.4,239.79,515.8,239.86,615.3,239.78,539.0,239.87,617.6,239.77,561.2,239.88,592.4,239.76,500.8,239.89,511.3,239.75,651.6,239.90,459.7,239.74,691.8,239.91,453.3,239.73,605.8,239.92,488.4,239.72,411.8,239.93,560.4,239.71,411.4,239.94,590.1,239.70,407.5,239.95,459.6,239.69,391.0,239.96,424.2,239.68,594.4,239.97,447.2,239.67,653.5,239.98,613.2,239.66,474.2,239.99,577.5
1757800424.6631424,239.80,428.5,239.87,510.5,239.79,515.8,239.88,431.9,239.78,539.0,239.89,443.2,239.77,561.2,239.90,407.3,239.76,500.8,239.91,413.3,239.75,651.6,239.92,587.4,239.74,691.8,239.93,381.3,239.73,605.8,239.94,539.4,239.72,411.8,239.95,429.1,239.71,411.4,239.96,426.4,239.70,407.5,239.97,565.1,239.69,391.0,239.98,472.5,239.68,594.4,239.99,411.7,239.67,653.5,240.00,520.6,239.66,474.2,240.01,384.6
1757800424.7603116,239.82,407.4,239.87,510.5,239.81,519.9,239.88,431.9,239.80,561.8,239.89,443.2,239.79,530.4,239.90,407.3,239.78,588.0,239.91,413.3,239.77,640.5,239.92,587.4,239.76,696.4,239.93,381.3,239.75,572.2,239.94,539.4,239.74,576.2,239.95,429.1,239.73,496.9,239.96,426.4,239.72,583.8,239.97,565.1,239.71,445.8,239.98,472.5,239.70,599.6,239.99,411.7,239.69,405.3,240.00,520.6,239.68,583.7,240.01,384.6
1757800426.85932,239.82,407.4,239.87,471.3,239.81,519.9,239.88,559.9,239.80,561.8,239.89,495.7,239.79,530.4,239.90,670.5,239.78,588.0,239.91,537.6,239.77,640.5,239.92,464.1,239.76,696.4,239.93,546.1,239.75,572.2,239.94,594.9,239.74,576.2,239.95,668.9,239.73,496.9,239.96,463.0,239.72,583.8,239.97,467.1,239.71,445.8,239.98,631.2,239.70,599.6,239.99,418.3,239.69,405.3,240.00,512.3,239.68,583.7,240.01,599.6
1757800426.9647217,239.82,440.1,239.87,471.3,239.81,535.9,239.88,559.9,239.80,699.0,239.89,495.7,239.79,689.7,239.90,670.5,239.78,393.0,239.91,537.6,239.77,568.3,239.92,464.1,239.76,427.3,239.93,546.1,239.75,482.6,239.94,594.9,239.74,609.4,239.95,668.9,239.73,385.7,239.96,463.0,239.72,646.2,239.97,467.1,239.71,596.5,239.98,631.2,239.70,674.6,239.99,418.3,239.69,527.0,240.00,512.3,239.68,508.2,240.01,599.6
1757800429.0609264,239.82,440.1,239.87,403.1,239.81,535.9,239.88,486.1,239.80,699.0,239.89,663.5,239.79,689.7,239.90,634.3,239.78,393.0,239.91,691.7,239.77,568.3,239.92,685.2,239.76,427.3,239.93,455.2,239.75,482.6,239.94,504.2,239.74,609.4,239.95,563.8,239.73,385.7,239.96,644.4,239.72,646.2,239.97,539.2,239.71,596.5,239.98,386.1,239.70,674.6,239.99,674.2,239.69,527.0,240.00,547.0,239.68,508.2,240.01,463.5
1757800429.1625795,239.82,489.8,239.87,403.1,239.81,668.1,239.88,486.1,239.80,655.2,239.89,663.5,239.79,701.3,239.90,634.3,239.78,682.1,239.91,691.7,239.77,536.6,239.92,685.2,239.76,394.7,239.93,455.2,239.75,391.1,239.94,504.2,239.74,498.9,239.95,563.8,239.73,617.2,239.96,644.4,239.72,385.1,239.97,539.2,239.71,496.6,239.98,386.1,239.70,592.6,239.99,674.2,239.69,539.7,240.00,547.0,239.68,563.0,240.01,463.5
1757800429.5623083,239.83,0.3,239.87,403.1,239.82,489.8,239.88,486.1,239.81,668.1,239.89,663.5,239.80,655.2,239.90,634.3,239.79,701.3,239.91,691.7,239.78,682.1,239.92,685.2,239.77,536.6,239.93,455.2,239.76,394.7,239.94,504.2,239.75,391.1,239.95,563.8,239.74,498.9,239.96,644.4,239.73,617.2,239.97,539.2,239.72,385.1,239.98,386.1,239.71,496.6,239.99,674.2,239.70,592.6,240.00,547.0,239.69,539.7,240.01,463.5
1757800430.662668,239.82,489.8,239.87,403.1,239.81,668.1,239.88,486.1,239.80,655.2,239.89,663.5,239.79,701.3,239.90,634.3,239.78,682.1,239.91,691.7,239.77,536.6,239.92,685.2,239.76,394.7,239.93,455.2,239.75,391.1,239.94,504.2,239.74,498.9,239.95,563.8,239.73,617.2,239.96,644.4,239.72,385.1,239.97,539.2,239.71,496.6,239.98,386.1,239.70,592.6,239.99,674.2,239.69,539.7,240.00,547.0,239.68,563.0,240.01,463.5
1757800431.2623632,239.82,489.8,239.87,577.1,239.81,668.1,239.88,559.6,239.80,655.2,239.89,472.4,239.79,701.3,239.90,549.4,239.78,682.1,239.91,548.1,239.77,536.6,239.92,433.9,239.76,394.7,239.93,489.9,239.75,391.1,239.94,459.8,239.74,498.9,239.95,624.0,239.73,617.2,239.96,625.5,239.72,385.1,239.97,432.9,239.71,496.6,239.98,457.0,239.70,592.6,239.99,511.6,239.69,539.7,240.00,644.6,239.68,563.0,240.01,596.2
1757800431.3620305,239.82,516.7,239.87,577.1,239.81,554.5,239.88,559.6,239.80,382.5,239.89,472.4,239.79,650.7,239.90,549.4,239.78,504.7,239.91,548.1,239.77,416.3,239.92,433.9,239.76,611.8,239.93,489.9,239.75,690.4,239.94,459.8,239.74,629.0,239.95,624.0,239.73,531.6,239.96,625.5,239.72,678.6,239.97,432.9,239.71,503.1,239.98,457.0,239.70,632.3,239.99,511.6,239.69,696.9,240.00,644.6,239.68,482.2,240.01,596.2
1757800432.7620738,239.82,479.8,239.87,577.1,239.81,554.5,239.88,559.6,239.80,382.5,239.89,472.4,239.79,650.7,239.90,549.4,239.78,504.7,239.91,548.1,239.77,416.3,239.92,433.9,239.76,611.8,239.93,489.9,239.75,690.4,239.94,459.8,239.74,629.0,239.95,624.0,239.73,531.6,239.96,625.5,239.72,678.6,239.97,432.9,239.71,503.1,239.98,457.0,239.70,632.3,239.99,511.6,239.69,696.9,240.00,644.6,239.68,482.2,240.01,596.2
1757800433.46589,239.82,479.8,239.87,455.1,239.81,554.5,239.88,542.7,239.80,382.5,239.89,388.9,239.79,650.7,239.90,697.8,239.78,504.7,239.91,599.2,239.77,416.3,239.92,636.2,239.76,611.8,239.93,389.7,239.75,690.4,239.94,610.0,239.74,629.0,239.95,688.4,239.73,531.6,239.96,417.2,239.72,678.6,239.97,523.2,239.71,503.1,239.98,617.0,239.70,632.3,239.99,597.4,239.69,696.9,240.00,648.6,239.68,482.2,240.01,567.0
1757800433.5622606,239.82,602.0,239.87,455.1,239.81,600.1,239.88,542.7,239.80,544.9,239.89,388.9,239.79,683.4,239.90,697.8,239.78,502.1,239.91,599.2,239.77,396.7,239.92,636.2,239.76,531.8,239.93,389.7,239.75,681.4,239.94,610.0,239.74,558.8,239.95,688.4,239.73,398.8,239.96,417.2,239.72,411.1,239.97,523.2,239.71,666.2,239.98,617.0,239.70,554.9,239.99,597.4,239.69,443.3,240.00,648.6,239.68,693.1,240.01,567.0
1757800435.664948,239.82,602.0,239.87,404.4,239.81,600.1,239.88,609.2,239.80,544.9,239.89,648.5,239.79,683.4,239.90,386.1,239.78,502.1,239.91,653.6,239.77,396.7,239.92,672.2,239.76,531.8,239.93,574.2,239.75,681.4,239.94,482.6,239.74,558.8,239.95,668.2,239.73,398.8,239.96,460.8,239.72,411.1,239.97,513.9,239.71,666.2,239.98,427.4,239.70,554.9,239.99,575.4,239.69,443.3,240.00,542.2,239.68,693.1,240.01,435.1
1757800435.7619998,239.82,699.6,239.87,404.4,239.81,581.8,239.88,609.2,239.80,654.2,239.89,648.5,239.79,601.1,239.90,386.1,239.78,441.6,239.91,653.6,239.77,429.6,239.92,672.2,239.76,506.0,239.93,574.2,239.75,506.2,239.94,482.6,239.74,650.5,239.95,668.2,239.73,664.0,239.96,460.8,239.72,482.6,239.97,513.9,239.71,390.6,239.98,427.4,239.70,488.6,239.99,575.4,239.69,457.4,240.00,542.2,239.68,671.2,240.01,435.1
1757800437.8625162,239.82,699.6,239.87,698.7,239.81,581.8,239.88,625.8,239.80,654.2,239.89,523.4,239.79,601.1,239.90,663.1,239.78,441.6,239.91,556.7,239.77,429.6,239.92,697.5,239.76,506.0,239.93,378.8,239.75,506.2,239.94,494.2,239.74,650.5,239.95,585.6,239.73,664.0,239.96,441.9,239.72,482.6,239.97,654.3,239.71,390.6,239.98,568.6,239.70,488.6,239.99,603.6,239.69,457.4,240.00,607.1,239.68,671.2,240.01,482.2
1757800437.960317,239.82,621.2,239.87,698.7,239.81,493.2,239.88,625.8,239.80,682.7,239.89,523.4,239.79,665.2,239.90,663.1,239.78,384.7,239.91,556.7,239.77,698.3,239.92,697.5,239.76,433.1,239.93,378.8,239.75,604.0,239.94,494.2,239.74,612.8,239.95,585.6,239.73,389.8,239.96,441.9,239.72,638.6,239.97,654.3,239.71,504.0,239.98,568.6,239.70,418.2,239.99,603.6,239.69,649.6,240.00,607.1,239.68,519.0,240.01,482.2
1757800440.0615604,239.82,621.2,239.87,460.1,239.81,493.2,239.88,539.9,239.80,682.7,239.89,640.3,239.79,665.2,239.90,621.7,239.78,384.7,239.91,453.6,239.77,698.3,239.92,460.2,239.76,433.1,239.93,583.2,239.75,604.0,239.94,631.5,239.74,612.8,239.95,502.5,239.73,389.8,239.96,573.9,239.72,638.6,239.97,418.4,239.71,504.0,239.98,524.4,239.70,418.2,239.99,671.6,239.69,649.6,240.00,466.7,239.68,519.0,240.01,610.7
1757800440.1608937,239.82,393.4,239.87,460.1,239.81,473.2,239.88,539.9,239.80,545.3,239.89,640.3,239.79,502.8,239.90,621.7,239.78,643.6,239.91,453.6,239.77,459.9,239.92,460.2,239.76,560.1,239.93,583.2,239.75,488.9,239.94,631.5,239.74,380.9,239.95,502.5,239.73,412.1,239.96,573.9,239.72,458.6,239.97,418.4,239.71,420.2,239.98,524.4,239.70,398.6,239.99,671.6,239.69,514.4,240.00,466.7,239.68,474.9,240.01,610.7
1757800442.2639482,239.82,393.4,239.87,692.5,239.81,473.2,239.88,547.5,239.80,545.3,239.89,403.1,239.79,502.8,239.90,570.0,239.78,643.6,239.91,387.9,239.77,459.9,239.92,579.0,239.76,560.1,239.93,537.9,239.75,488.9,239.94,666.9,239.74,380.9,239.95,394.5,239.73,412.1,239.96,595.1,239.72,458.6,239.97,687.8,239.71,420.2,239.98,439.6,239.70,398.6,239.99,633.6,239.69,514.4,240.00,562.1,239.68,474.9,240.01,413.0
1757800442.361409,239.82,584.9,239.87,692.5,239.81,400.1,239.88,547.5,239.80,688.6,239.89,403.1,239.79,442.6,239.90,570.0,239.78,678.5,239.91,387.9,239.77,667.4,239.92,579.0,239.76,694.4,239.93,537.9,239.75,520.3,239.94,666.9,239.74,566.6,239.95,394.5,239.73,679.7,239.96,595.1,239.72,701.3,239.97,687.8,239.71,683.7,239.98,439.6,239.70,411.9,239.99,633.6,239.69,575.2,240.00,562.1,239.68,527.7,240.01,413.0
1757800444.4626656,239.82,584.9,239.87,418.0,239.81,400.1,239.88,471.1,239.80,688.6,239.89,379.2,239.79,442.6,239.90,414.5,239.78,678.5,239.91,439.4,239.77,667.4,239.92,431.2,239.76,694.4,239.93,566.1,239.75,520.3,239.94,509.7,239.74,566.6,239.95,681.2,239.73,679.7,239.96,568.2,239.72,701.3,239.97,402.8,239.71,683.7,239.98,677.0,239.70,411.9,239.99,432.3,239.69,575.2,240.00,398.9,239.68,527.7,240.01,538.5
1757800444.5613637,239.82,401.8,239.87,418.0,239.81,537.6,239.88,471.1,239.80,511.5,239.89,379.2,239.79,460.8,239.90,414.5,239.78,596.9,239.91,439.4,239.77,621.8,239.92,431.2,239.76,447.0,239.93,566.1,239.75,572.1,239.94,509.7,239.74,547.1,239.95,681.2,239.73,498.3,239.96,568.2,239.72,691.4,239.97,402.8,239.71,522.5,239.98,677.0,239.70,559.3,239.99,432.3,239.69,548.1,240.00,398.9,239.68,636.3,240.01,538.5
1757800446.660783,239.82,401.8,239.87,1079.1,239.81,537.6,239.88,939.3,239.80,511.5,239.89,1011.0,239.79,460.8,239.90,986.6,239.78,596.9,239.91,911.0,239.77,621.8,239.92,884.7,239.76,447.0,239.93,1025.4,239.75,572.1,239.94,1145.8,239.74,547.1,239.95,1071.0,239.73,498.3,239.96,983.1,239.72,691.4,239.97,810.8,239.71,522.5,239.98,1266.4,239.70,559.3,239.99,1109.0,239.69,548.1,240.00,1086.1,239.68,636.3,240.01,1029.6
1757800446.7614172,239.82,602.2,239.87,666.8,239.81,516.5,239.88,468.2,239.80,615.5,239.89,631.8,239.79,528.5,239.90,572.1,239.78,693.3,239.91,471.6,239.77,384.8,239.92,453.5,239.76,686.6,239.93,459.3,239.75,462.0,239.94,636.1,239.74,456.8,239.95,389.8,239.73,445.5,239.96,414.9,239.72,396.4,239.97,408.0,239.71,587.8,239.98,589.4,239.70,648.3,239.99,676.7,239.69,507.8,240.00,687.2,239.68,533.9,240.01,491.1
1757800448.963574,239.82,602.2,239.87,609.3,239.81,516.5,239.88,472.0,239.80,615.5,239.89,507.8,239.79,528.5,239.90,553.8,239.78,693.3,239.91,639.4,239.77,384.8,239.92,530.0,239.76,686.6,239.93,414.9,239.75,462.0,239.94,681.7,239.74,456.8,239.95,502.0,239.73,445.5,239.96,648.3,239.72,396.4,239.97,695.3,239.71,587.8,239.98,697.5,239.70,648.3,239.99,665.8,239.69,507.8,240.00,692.8,239.68,533.9,240.01,568.8
1757800449.0629947,239.82,565.0,239.87,609.3,239.81,627.8,239.88,472.0,239.80,607.8,239.89,507.8,239.79,580.8,239.90,553.8,239.78,698.7,239.91,639.4,239.77,429.2,239.92,530.0,239.76,688.0,239.93,414.9,239.75,696.5,239.94,681.7,239.74,508.5,239.95,502.0,239.73,396.9,239.96,648.3,239.72,379.8,239.97,695.3,239.71,453.6,239.98,697.5,239.70,629.4,239.99,665.8,239.69,467.1,240.00,692.8,239.68,629.0,240.01,568.8
1757800451.2658417,239.82,565.0,239.87,1017.3,239.81,627.8,239.88,950.2,239.80,607.8,239.89,978.1,239.79,580.8,239.90,553.2,239.78,698.7,239.91,1112.5,239.77,429.2,239.92,997.7,239.76,688.0,239.93,675.9,239.75,696.5,239.94,684.2,239.74,508.5,239.95,961.3,239.73,396.9,239.96,1174.4,239.72,379.8,239.97,1372.4,239.71,453.6,239.98,1200.0,239.70,629.4,239.99,1237.2,239.69,467.1,240.00,1180.1,239.68,629.0,240.01,1077.5
1757800451.3633888,239.82,565.0,239.87,413.7,239.81,627.8,239.88,478.2,239.80,607.8,239.89,470.3,239.79,580.8,239.90,553.2,239.78,698.7,239.91,473.1,239.77,429.2,239.92,467.7,239.76,688.0,239.93,675.9,239.75,696.5,239.94,684.2,239.74,508.5,239.95,459.3,239.73,396.9,239.96,526.1,239.72,379.8,239.97,677.1,239.71,453.6,239.98,502.5,239.70,629.4,239.99,571.4,239.69,467.1,240.00,487.3,239.68,629.0,240.01,508.7
1757800451.4612405,239.82,660.1,239.87,413.7,239.81,418.0,239.88,478.2,239.80,432.9,239.89,470.3,239.79,430.7,239.90,553.2,239.78,547.4,239.91,473.1,239.77,620.4,239.92,467.7,239.76,672.5,239.93,675.9,239.75,679.9,239.94,684.2,239.74,652.0,239.95,459.3,239.73,592.3,239.96,526.1,239.72,434.5,239.97,677.1,239.71,535.8,239.98,502.5,239.70,505.4,239.99,571.4,239.69,496.3,240.00,487.3,239.68,647.0,240.01,508.7
1757800453.5610173,239.82,660.1,239.87,656.6,239.81,418.0,239.88,431.7,239.80,432.9,239.89,451.9,239.79,430.7,239.90,583.2,239.78,547.4,239.91,588.0,239.77,620.4,239.92,477.5,239.76,672.5,239.93,615.4,239.75,679.9,239.94,480.3,239.74,652.0,239.95,449.0,239.73,592.3,239.96,398.3,239.72,434.5,239.97,466.1,239.71,535.8,239.98,484.9,239.70,505.4,239.99,580.0,239.69,496.3,240.00,472.9,239.68,647.0,240.01,605.0
1757800453.6627042,239.82,379.9,239.87,656.6,239.81,525.6,239.88,431.7,239.80,505.5,239.89,451.9,239.79,501.1,239.90,583.2,239.78,620.1,239.91,588.0,239.77,592.7,239.92,477.5,239.76,591.4,239.93,615.4,239.75,680.5,239.94,480.3,239.74,429.2,239.95,449.0,239.73,408.4,239.96,398.3,239.72,403.1,239.97,466.1,239.71,672.6,239.98,484.9,239.70,622.1,239.99,580.0,239.69,670.8,240.00,472.9,239.68,408.1,240.01,605.0
1757800455.7635744,239.82,379.9,239.87,1159.5,239.81,525.6,239.88,910.5,239.80,505.5,239.89,1146.8,239.79,501.1,239.90,1170.0,239.78,620.1,239.91,1258.0,239.77,592.7,239.92,916.3,239.76,591.4,239.93,1072.1,239.75,680.5,239.94,967.4,239.74,429.2,239.95,1071.0,239.73,408.4,239.96,878.4,239.72,403.1,239.97,1153.2,239.71,672.6,239.98,1038.9,239.70,622.1,239.99,1184.4,239.69,670.8,240.00,1152.6,239.68,408.1,240.01,1058.5
1757800455.8622477,239.82,379.9,239.87,508.6,239.81,525.6,239.88,478.8,239.80,505.5,239.89,694.9,239.79,501.1,239.90,586.8,239.78,620.1,239.91,670.0,239.77,592.7,239.92,438.8,239.76,591.4,239.93,456.7,239.75,680.5,239.94,487.1,239.74,429.2,239.95,622.0,239.73,408.4,239.96,480.1,239.72,403.1,239.97,687.1,239.71,672.6,239.98,554.0,239.70,622.1,239.99,604.4,239.69,670.8,240.00,679.7,239.68,408.1,240.01,453.5
1757800455.964574,239.82,693.1,239.87,508.6,239.81,697.9,239.88,478.8,239.80,515.6,239.89,694.9,239.79,549.2,239.90,586.8,239.78,534.0,239.91,670.0,239.77,553.7,239.92,438.8,239.76,431.5,239.93,456.7,239.75,551.1,239.94,487.1,239.74,395.7,239.95,622.0,239.73,674.9,239.96,480.1,239.72,553.7,239.97,687.1,239.71,381.6,239.98,554.0,239.70,437.8,239.99,604.4,239.69,602.1,240.00,679.7,239.68,519.2,240.01,453.5
1757800458.1613383,239.82,693.1,239.87,643.2,239.81,697.9,239.88,505.5,239.80,515.6,239.89,519.0,239.79,549.2,239.90,522.8,239.78,534.0,239.91,662.0,239.77,553.7,239.92,439.4,239.76,431.5,239.93,486.2,239.75,551.1,239.94,664.8,239.74,395.7,239.95,698.8,239.73,674.9,239.96,629.6,239.72,553.7,239.97,505.1,239.71,381.6,239.98,635.7,239.70,437.8,239.99,466.7,239.69,602.1,240.00,664.8,239.68,519.2,240.01,475.9
1757800458.2638023,239.82,396.0,239.87,643.2,239.81,424.5,239.88,505.5,239.80,396.0,239.89,519.0,239.79,434.5,239.90,522.8,239.78,519.8,239.91,662.0,239.77,387.8,239.92,439.4,239.76,599.9,239.93,486.2,239.75,597.3,239.94,664.8,239.74,463.6,239.95,698.8,239.73,381.9,239.96,629.6,239.72,428.9,239.97,505.1,239.71,482.6,239.98,635.7,239.70,472.8,239.99,466.7,239.69,611.2,240.00,664.8,239.68,666.2,240.01,475.9
1757800460.4670503,239.82,396.0,239.87,529.6,239.81,424.5,239.88,603.7,239.80,396.0,239.89,493.6,239.79,434.5,239.90,553.3,239.78,519.8,239.91,424.2,239.77,387.8,239.92,403.6,239.76,599.9,239.93,619.3,239.75,597.3,239.94,534.4,239.74,463.6,239.95,625.2,239.73,381.9,239.96,524.0,239.72,428.9,239.97,478.7,239.71,482.6,239.98,419.9,239.70,472.8,239.99,403.7,239.69,611.2,240.00,689.1,239.68,666.2,240.01,573.8
1757800460.562716,239.82,580.5,239.87,529.6,239.81,540.4,239.88,603.7,239.80,541.8,239.89,493.6,239.79,404.2,239.90,553.3,239.78,694.4,239.91,424.2,239.77,631.1,239.92,403.6,239.76,647.7,239.93,619.3,239.75,655.8,239.94,534.4,239.74,696.6,239.95,625.2,239.73,558.0,239.96,524.0,239.72,652.4,239.97,478.7,239.71,607.5,239.98,419.9,239.70,516.2,239.99,403.7,239.69,463.5,240.00,689.1,239.68,668.1,240.01,573.8
1757800462.6635036,239.82,580.5,239.87,601.2,239.81,540.4,239.88,662.3,239.80,541.8,239.89,380.9,239.79,404.2,239.90,519.5,239.78,694.4,239.91,626.9,239.77,631.1,239.92,380.4,239.76,647.7,239.93,468.5,239.75,655.8,239.94,412.0,239.74,696.6,239.95,506.9,239.73,558.0,239.96,439.4,239.72,652.4,239.97,446.4,239.71,607.5,239.98,383.2,239.70,516.2,239.99,618.6,239.69,463.5,240.00,398.1,239.68,668.1,240.01,641.7
1757800462.7657082,239.82,515.4,239.87,601.2,239.81,623.8,239.88,662.3,239.80,662.2,239.89,380.9,239.79,475.0,239.90,519.5,239.78,627.3,239.91,626.9,239.77,429.6,239.92,380.4,239.76,648.0,239.93,468.5,239.75,639.2,239.94,412.0,239.74,515.8,239.95,506.9,239.73,612.8,239.96,439.4,239.72,429.8,239.97,446.4,239.71,415.7,239.98,383.2,239.70,559.5,239.99,618.6,239.69,493.1,240.00,398.1,239.68,630.3,240.01,641.7
1757800464.6605012,239.82,515.4,239.87,581.6,239.81,623.8,239.88,662.3,239.80,662.2,239.89,380.9,239.79,475.0,239.90,519.5,239.78,627.3,239.91,626.9,239.77,429.6,239.92,380.4,239.76,648.0,239.93,468.5,239.75,639.2,239.94,412.0,239.74,515.8,239.95,506.9,239.73,612.8,239.96,439.4,239.72,429.8,239.97,446.4,239.71,415.7,239.98,383.2,239.70,559.5,239.99,618.6,239.69,493.1,240.00,398.1,239.68,630.3,240.01,641.7
1757800464.9616535,239.82,515.4,239.87,567.3,239.81,623.8,239.88,494.7,239.80,662.2,239.89,645.6,239.79,475.0,239.90,422.2,239.78,627.3,239.91,624.5,239.77,429.6,239.92,596.3,239.76,648.0,239.93,583.9,239.75,639.2,239.94,489.3,239.74,515.8,239.95,576.6,239.73,612.8,239.96,453.1,239.72,429.8,239.97,677.8,239.71,415.7,239.98,610.4,239.70,559.5,239.99,698.5,239.69,493.1,240.00,589.6,239.68,630.3,240.01,416.2
1757800465.0598624,239.82,413.8,239.87,567.3,239.81,537.6,239.88,494.7,239.80,486.4,239.89,645.6,239.79,543.5,239.90,422.2,239.78,513.2,239.91,624.5,239.77,586.4,239.92,596.3,239.76,455.5,239.93,583.9,239.75,524.0,239.94,489.3,239.74,669.3,239.95,576.6,239.73,628.5,239.96,453.1,239.72,696.5,239.97,677.8,239.71,674.8,239.98,610.4,239.70,527.2,239.99,698.5,239.69,429.7,240.00,589.6,239.68,652.4,240.01,416.2
1757800466.2632384,239.86,5.7,239.87,567.3,239.82,413.8,239.88,494.7,239.81,537.6,239.89,645.6,239.80,486.4,239.90,422.2,239.79,543.5,239.91,624.5,239.78,513.2,239.92,596.3,239.77,586.4,239.93,583.9,239.76,455.5,239.94,489.3,239.75,524.0,239.95,576.6,239.74,669.3,239.96,453.1,239.73,628.5,239.97,677.8,239.72,696.5,239.98,610.4,239.71,674.8,239.99,698.5,239.70,527.2,240.00,589.6,239.69,429.7,240.01,416.2
1757800467.2618089,239.86,5.7,239.87,492.7,239.82,413.8,239.88,464.6,239.81,537.6,239.89,681.9,239.80,486.4,239.90,397.2,239.79,543.5,239.91,664.8,239.78,513.2,239.92,444.8,239.77,586.4,239.93,640.8,239.76,455.5,239.94,477.4,239.75,524.0,239.95,508.9,239.74,669.3,239.96,411.8,239.73,628.5,239.97,474.0,239.72,696.5,239.98,678.8,239.71,674.8,239.99,690.4,239.70,527.2,240.00,385.9,239.69,429.7,240.01,379.0
1757800467.3622196,239.86,5.7,239.87,492.7,239.82,473.3,239.88,464.6,239.81,378.2,239.89,681.9,239.80,443.2,239.90,397.2,239.79,650.4,239.91,664.8,239.78,474.3,239.92,444.8,239.77,463.3,239.93,640.8,239.76,518.4,239.94,477.4,239.75,392.5,239.95,508.9,239.74,580.7,239.96,411.8,239.73,393.3,239.97,474.0,239.72,668.8,239.98,678.8,239.71,609.9,239.99,690.4,239.70,633.7,240.00,385.9,239.69,566.8,240.01,379.0
1757800469.5633383,239.86,5.7,239.87,551.1,239.82,473.3,239.88,588.6,239.81,378.2,239.89,457.3,239.80,443.2,239.90,397.7,239.79,650.4,239.91,631.5,239.78,474.3,239.92,664.5,239.77,463.3,239.93,444.8,239.76,518.4,239.94,452.7,239.75,392.5,239.95,671.9,239.74,580.7,239.96,590.6,239.73,393.3,239.97,404.7,239.72,668.8,239.98,494.7,239.71,609.9,239.99,579.5,239.70,633.7,240.00,602.7,239.69,566.8,240.01,528.8
1757800469.660853,239.86,5.7,239.87,551.1,239.82,892.2,239.88,588.6,239.81,846.6,239.89,457.3,239.80,914.6,239.90,397.7,239.79,1083.3,239.91,631.5,239.78,989.6,239.92,664.5,239.77,881.4,239.93,444.8,239.76,1043.9,239.94,452.7,239.75,813.4,239.95,671.9,239.74,962.2,239.96,590.6,239.73,1034.7,239.97,404.7,239.72,1223.2,239.98,494.7,239.71,1220.5,239.99,579.5,239.70,1145.1,240.00,602.7,239.69,1122.8,240.01,528.8
1757800469.7614152,239.86,5.7,239.87,551.1,239.82,418.9,239.88,588.6,239.81,468.4,239.89,457.3,239.80,471.4,239.90,397.7,239.79,432.9,239.91,631.5,239.78,515.3,239.92,664.5,239.77,418.1,239.93,444.8,239.76,525.5,239.94,452.7,239.75,420.9,239.95,671.9,239.74,381.8,239.96,590.6,239.73,641.4,239.97,404.7,239.72,554.4,239.98,494.7,239.71,610.6,239.99,579.5,239.70,511.4,240.00,602.7,239.69,556.0,240.01,528.8
1757800471.8650897,239.86,5.7,239.87,523.8,239.82,418.9,239.88,497.3,239.81,468.4,239.89,559.9,239.80,471.4,239.90,580.6,239.79,432.9,239.91,456.0,239.78,515.3,239.92,571.6,239.77,418.1,239.93,399.6,239.76,525.5,239.94,653.3,239.75,420.9,239.95,518.7,239.74,381.8,239.96,491.2,239.73,641.4,239.97,439.5,239.72,554.4,239.98,651.3,239.71,610.6,239.99,514.7,239.70,511.4,240.00,493.1,239.69,556.0,240.01,623.6
1757800471.9602437,239.86,5.7,239.87,523.8,239.82,679.4,239.88,497.3,239.81,602.4,239.89,559.9,239.80,572.7,239.90,580.6,239.79,580.4,239.91,456.0,239.78,444.1,239.92,571.6,239.77,601.3,239.93,399.6,239.76,381.8,239.94,653.3,239.75,664.7,239.95,518.7,239.74,398.6,239.96,491.2,239.73,557.1,239.97,439.5,239.72,578.4,239.98,651.3,239.71,584.1,239.99,514.7,239.70,378.9,240.00,493.1,239.69,656.9,240.01,623.6
1757800474.0639765,239.86,5.7,239.87,556.1,239.82,679.4,239.88,526.3,239.81,602.4,239.89,457.1,239.80,572.7,239.90,389.5,239.79,580.4,239.91,553.6,239.78,444.1,239.92,609.3,239.77,601.3,239.93,425.4,239.76,381.8,239.94,594.5,239.75,664.7,239.95,532.1,239.74,398.6,239.96,414.3,239.73,557.1,239.97,632.2,239.72,578.4,239.98,442.1,239.71,584.1,239.99,478.2,239.70,378.9,240.00,537.8,239.69,656.9,240.01,389.0
1757800474.1664584,239.86,5.7,239.87,556.1,239.82,701.2,239.88,526.3,239.81,421.5,239.89,457.1,239.80,575.8,239.90,389.5,239.79,541.0,239.91,553.6,239.78,662.1,239.92,609.3,239.77,480.7,239.93,425.4,239.76,562.2,239.94,594.5,239.75,491.6,239.95,532.1,239.74,464.2,239.96,414.3,239.73,693.6,239.97,632.2,239.72,579.1,239.98,442.1,239.71,573.1,239.99,478.2,239.70,483.7,240.00,537.8,239.69,453.5,240.01,389.0
1757800476.263103,239.86,5.7,239.87,664.2,239.82,1261.9,239.88,627.0,239.81,421.5,239.89,673.7,239.80,1090.2,239.90,538.5,239.79,1130.0,239.91,557.2,239.78,1124.9,239.92,436.2,239.77,893.0,239.93,566.2,239.76,562.2,239.94,462.1,239.75,491.6,239.95,548.3,239.74,464.2,239.96,579.8,239.73,693.6,239.97,465.5,239.72,1178.7,239.98,398.5,239.71,573.1,239.99,682.8,239.70,956.7,240.00,551.6,239.69,890.6,240.01,455.0
1757800476.361385,239.86,5.7,239.87,664.2,239.82,560.7,239.88,627.0,239.81,544.7,239.89,673.7,239.80,514.4,239.90,538.5,239.79,589.0,239.91,557.2,239.78,462.8,239.92,436.2,239.77,412.3,239.93,566.2,239.76,659.7,239.94,462.1,239.75,592.4,239.95,548.3,239.74,631.9,239.96,579.8,239.73,660.5,239.97,465.5,239.72,599.6,239.98,398.5,239.71,626.4,239.99,682.8,239.70,473.0,240.00,551.6,239.69,437.1,240.01,455.0
1757800477.6596184,239.82,560.7,239.87,664.2,239.81,544.7,239.88,627.0,239.80,514.4,239.89,673.7,239.79,589.0,239.90,538.5,239.78,462.8,239.91,557.2,239.77,412.3,239.92,436.2,239.76,659.7,239.93,566.2,239.75,592.4,239.94,462.1,239.74,631.9,239.95,548.3,239.73,660.5,239.96,579.8,239.72,599.6,239.97,465.5,239.71,626.4,239.98,398.5,239.70,473.0,239.99,682.8,239.69,437.1,240.00,551.6,239.68,389.6,240.01,455.0
1757800478.5602345,239.82,560.7,239.87,425.9,239.81,544.7,239.88,582.7,239.80,514.4,239.89,443.3,239.79,589.0,239.90,444.0,239.78,462.8,239.91,599.1,239.77,412.3,239.92,550.2,239.76,659.7,239.93,664.2,239.75,592.4,239.94,580.6,239.74,631.9,239.95,647.0,239.73,660.5,239.96,388.0,239.72,599.6,239.97,691.6,239.71,626.4,239.98,563.3,239.70,473.0,239.99,441.6,239.69,437.1,240.00,471.2,239.68,389.6,240.01,576.7
1757800478.6605182,239.82,596.2,239.87,425.9,239.81,443.1,239.88,582.7,239.80,684.2,239.89,443.3,239.79,494.7,239.90,444.0,239.78,450.3,239.91,599.1,239.77,541.2,239.92,550.2,239.76,509.3,239.93,664.2,239.75,380.3,239.94,580.6,239.74,540.6,239.95,647.0,239.73,522.1,239.96,388.0,239.72,524.3,239.97,691.6,239.71,388.4,239.98,563.3,239.70,409.3,239.99,441.6,239.69,545.2,240.00,471.2,239.68,612.1,240.01,576.7
1757800479.5612237,239.86,5.7,239.87,425.9,239.82,596.2,239.88,582.7,239.81,443.1,239.89,443.3,239.80,684.2,239.90,444.0,239.79,494.7,239.91,599.1,239.78,450.3,239.92,550.2,239.77,541.2,239.93,664.2,239.76,509.3,239.94,580.6,239.75,380.3,239.95,647.0,239.74,540.6,239.96,388.0,239.73,522.1,239.97,691.6,239.72,524.3,239.98,563.3,239.71,388.4,239.99,441.6,239.70,409.3,240.00,471.2,239.69,545.2,240.01,576.7
1757800480.8611934,239.86,5.7,239.87,446.4,239.82,596.2,239.88,678.2,239.81,443.1,239.89,523.1,239.80,684.2,239.90,399.8,239.79,494.7,239.91,452.1,239.78,450.3,239.92,509.9,239.77,541.2,239.93,400.2,239.76,509.3,239.94,603.9,239.75,380.3,239.95,395.0,239.74,540.6,239.96,587.1,239.73,522.1,239.97,687.4,239.72,524.3,239.98,635.2,239.71,388.4,239.99,636.1,239.70,409.3,240.00,633.3,239.69,545.2,240.01,396.7
1757800480.9597151,239.86,5.7,239.87,446.4,239.82,582.0,239.88,678.2,239.81,482.8,239.89,523.1,239.80,557.0,239.90,399.8,239.79,587.8,239.91,452.1,239.78,568.2,239.92,509.9,239.77,541.2,239.93,400.2,239.76,575.1,239.94,603.9,239.75,561.1,239.95,395.0,239.74,431.9,239.96,587.1,239.73,510.6,239.97,687.4,239.72,624.5,239.98,635.2,239.71,397.3,239.99,636.1,239.70,463.2,240.00,633.3,239.69,517.1,240.01,396.7
1757800483.1614149,239.86,5.7,239.87,421.0,239.82,1004.5,239.88,551.4,239.81,1056.3,239.89,432.8,239.80,1092.1,239.90,496.6,239.79,995.9,239.91,577.0,239.78,1229.8,239.92,444.4,239.77,1154.2,239.93,554.0,239.76,1163.8,239.94,408.8,239.75,1006.8,239.95,691.7,239.74,897.7,239.96,489.6,239.73,1006.4,239.97,527.7,239.72,1162.0,239.98,487.3,239.71,807.4,239.99,417.4,239.70,1108.9,240.00,399.4,239.69,995.3,240.01,671.6
1757800483.2724352,239.86,5.7,239.87,421.0,239.82,422.5,239.88,551.4,239.81,573.5,239.89,432.8,239.80,535.1,239.90,496.6,239.79,408.1,239.91,577.0,239.78,661.6,239.92,444.4,239.77,613.0,239.93,554.0,239.76,588.7,239.94,408.8,239.75,445.7,239.95,691.7,239.74,466.1,239.96,489.6,239.73,495.8,239.97,527.7,239.72,537.5,239.98,487.3,239.71,410.1,239.99,417.4,239.70,645.7,240.00,399.4,239.69,478.2,240.01,671.6
1757800485.2684712,239.86,5.7,239.87,437.5,239.82,422.5,239.88,607.1,239.81,573.5,239.89,682.7,239.80,535.1,239.90,607.4,239.79,408.1,239.91,393.0,239.78,661.6,239.92,599.6,239.77,613.0,239.93,493.5,239.76,588.7,239.94,548.5,239.75,445.7,239.95,685.4,239.74,466.1,239.96,533.5,239.73,495.8,239.97,425.7,239.72,537.5,239.98,518.5,239.71,410.1,239.99,497.0,239.70,645.7,240.00,469.4,239.69,478.2,240.01,599.2
1757800485.3609283,239.86,5.7,239.87,437.5,239.82,565.0,239.88,607.1,239.81,555.5,239.89,682.7,239.80,654.1,239.90,607.4,239.79,652.5,239.91,393.0,239.78,631.7,239.92,599.6,239.77,414.0,239.93,493.5,239.76,585.9,239.94,548.5,239.75,393.7,239.95,685.4,239.74,401.2,239.96,533.5,239.73,554.8,239.97,425.7,239.72,531.3,239.98,518.5,239.71,585.9,239.99,497.0,239.70,427.3,240.00,469.4,239.69,701.4,240.01,599.2
1757800487.4610548,239.86,5.7,239.87,1049.0,239.82,565.0,239.88,990.1,239.81,555.5,239.89,1183.4,239.80,654.1,239.90,1019.6,239.79,652.5,239.91,777.7,239.78,631.7,239.92,1248.6,239.77,414.0,239.93,1079.6,239.76,585.9,239.94,1014.2,239.75,393.7,239.95,1335.9,239.74,401.2,239.96,1064.7,239.73,554.8,239.97,1073.9,239.72,531.3,239.98,1083.4,239.71,585.9,239.99,884.6,239.70,427.3,240.00,926.7,239.69,701.4,240.01,1177.2
1757800487.563467,239.86,5.7,239.87,611.5,239.82,631.6,239.88,383.0,239.81,647.7,239.89,500.7,239.80,652.2,239.90,412.2,239.79,701.2,239.91,384.7,239.78,562.8,239.92,649.0,239.77,625.9,239.93,586.1,239.76,562.8,239.94,465.7,239.75,550.2,239.95,650.5,239.74,525.2,239.96,531.2,239.73,439.8,239.97,648.2,239.72,620.2,239.98,564.9,239.71,471.4,239.99,387.6,239.70,426.2,240.00,457.3,239.69,440.5,240.01,578.0
1757800489.760142,239.86,5.7,239.87,437.1,239.82,566.7,239.88,589.4,239.81,512.6,239.89,427.6,239.80,611.3,239.90,393.4,239.79,407.3,239.91,464.4,239.78,556.1,239.92,514.8,239.77,534.8,239.93,573.0,239.76,447.9,239.94,420.6,239.75,701.3,239.95,680.9,239.74,395.3,239.96,655.3,239.73,508.8,239.97,473.8,239.72,674.5,239.98,654.0,239.71,517.7,239.99,490.8,239.70,440.2,240.00,470.7,239.69,423.1,240.01,392.5
1757800490.160327,239.86,5.7,239.87,416.6,239.82,566.7,239.88,589.4,239.81,512.6,239.89,427.6,239.80,611.3,239.90,393.4,239.79,407.3,239.91,464.4,239.78,556.1,239.92,514.8,239.77,534.8,239.93,573.0,239.76,447.9,239.94,420.6,239.75,701.3,239.95,680.9,239.74,395.3,239.96,655.3,239.73,508.8,239.97,473.8,239.72,674.5,239.98,654.0,239.71,517.7,239.99,490.8,239.70,440.2,240.00,470.7,239.69,423.1,240.01,392.5
1757800491.0625718,239.82,566.7,239.87,416.6,239.81,512.6,239.88,589.4,239.80,611.3,239.89,427.6,239.79,407.3,239.90,393.4,239.78,556.1,239.91,464.4,239.77,534.8,239.92,514.8,239.76,447.9,239.93,573.0,239.75,701.3,239.94,420.6,239.74,395.3,239.95,680.9,239.73,508.8,239.96,655.3,239.72,674.5,239.97,473.8,239.71,517.7,239.98,654.0,239.70,440.2,239.99,490.8,239.69,423.1,240.00,470.7,239.68,697.5,240.01,392.5
1757800491.8606212,239.82,566.7,239.87,967.8,239.81,512.6,239.88,1010.8,239.80,611.3,239.89,1086.7,239.79,407.3,239.90,969.2,239.78,556.1,239.91,878.2,239.77,534.8,239.92,1213.0,239.76,447.9,239.93,1134.9,239.75,701.3,239.94,1108.1,239.74,395.3,239.95,1081.5,239.73,508.8,239.96,1239.0,239.72,674.5,239.97,1018.6,239.71,517.7,239.98,1273.9,239.70,440.2,239.99,1004.0,239.69,423.1,240.00,1046.4,239.68,697.5,240.01,829.0
1757800491.9604785,239.82,501.8,239.87,551.2,239.81,626.5,239.88,421.4,239.80,613.5,239.89,659.1,239.79,484.6,239.90,575.8,239.78,382.0,239.91,413.8,239.77,435.0,239.92,698.2,239.76,483.4,239.93,561.9,239.75,455.1,239.94,687.5,239.74,633.1,239.95,400.6,239.73,390.8,239.96,583.7,239.72,570.8,239.97,544.8,239.71,408.1,239.98,619.9,239.70,481.7,239.99,513.2,239.69,401.9,240.00,575.7,239.68,478.8,240.01,436.5
1757800494.159747,239.86,5.7,239.87,588.0,239.82,501.8,239.88,669.7,239.81,626.5,239.89,628.6,239.80,613.5,239.90,473.7,239.79,484.6,239.91,572.1,239.78,382.0,239.92,547.1,239.77,435.0,239.93,629.4,239.76,483.4,239.94,489.1,239.75,455.1,239.95,541.9,239.74,633.1,239.96,601.3,239.73,390.8,239.97,654.2,239.72,570.8,239.98,658.1,239.71,408.1,239.99,609.0,239.70,481.7,240.00,554.6,239.69,401.9,240.01,449.6
1757800494.2615588,239.86,5.7,239.87,588.0,239.82,559.4,239.88,669.7,239.81,652.9,239.89,628.6,239.80,644.1,239.90,473.7,239.79,608.2,239.91,572.1,239.78,665.5,239.92,547.1,239.77,500.0,239.93,629.4,239.76,654.2,239.94,489.1,239.75,545.4,239.95,541.9,239.74,654.0,239.96,601.3,239.73,463.2,239.97,654.2,239.72,622.7,239.98,658.1,239.71,615.2,239.99,609.0,239.70,644.6,240.00,554.6,239.69,461.6,240.01,449.6
1757800496.3604252,239.86,5.7,239.87,588.0,239.81,546.8,239.88,669.7,239.80,655.5,239.89,628.6,239.79,595.2,239.90,473.7,239.78,630.5,239.91,572.1,239.77,621.2,239.92,547.1,239.76,673.9,239.93,629.4,239.75,465.1,239.94,489.1,239.74,441.5,239.95,541.9,239.73,632.4,239.96,601.3,239.72,478.2,239.97,654.2,239.71,694.5,239.98,658.1,239.70,659.2,239.99,609.0,239.69,637.4,240.00,554.6,239.68,395.5,240.01,449.6
1757800496.463915,239.81,546.8,239.86,484.1,239.80,655.5,239.87,395.6,239.79,595.2,239.88,565.2,239.78,630.5,239.89,628.4,239.77,621.2,239.90,462.9,239.76,673.9,239.91,658.7,239.75,465.1,239.92,408.7,239.74,441.5,239.93,642.3,239.73,632.4,239.94,444.1,239.72,478.2,239.95,439.7,239.71,694.5,239.96,659.7,239.70,659.2,239.97,667.5,239.69,637.4,239.98,398.5,239.68,395.5,239.99,557.8,239.67,629.0,240.00,600.7
1757800498.1609578,239.81,526.3,239.86,484.1,239.80,655.5,239.87,395.6,239.79,595.2,239.88,565.2,239.78,630.5,239.89,628.4,239.77,621.2,239.90,462.9,239.76,673.9,239.91,658.7,239.75,465.1,239.92,408.7,239.74,441.5,239.93,642.3,239.73,632.4,239.94,444.1,239.72,478.2,239.95,439.7,239.71,694.5,239.96,659.7,239.70,659.2,239.97,667.5,239.69,637.4,239.98,398.5,239.68,395.5,239.99,557.8,239.67,629.0,240.00,600.7
1757800498.2613177,239.81,526.3,239.86,484.1,239.80,655.5,239.87,395.6,239.79,595.2,239.88,565.2,239.78,630.5,239.89,628.4,239.77,621.2,239.90,462.9,239.76,673.9,239.91,658.7,239.75,465.1,239.92,408.7,239.74,441.5,239.93,642.3,239.73,632.4,239.94,449.8,239.72,478.2,239.95,439.7,239.71,694.5,239.96,659.7,239.70,659.2,239.97,667.5,239.69,637.4,239.98,398.5,239.68,395.5,239.99,557.8,239.67,629.0,240.00,600.7
1757800498.5619473,239.81,526.3,239.86,457.0,239.80,655.5,239.87,559.5,239.79,595.2,239.88,383.5,239.78,630.5,239.89,411.9,239.77,621.2,239.90,618.6,239.76,673.9,239.91,695.8,239.75,465.1,239.92,619.1,239.74,441.5,239.93,515.4,239.73,632.4,239.94,568.4,239.72,478.2,239.95,508.9,239.71,694.5,239.96,658.3,239.70,659.2,239.97,608.5,239.69,637.4,239.98,671.0,239.68,395.5,239.99,396.3,239.67,629.0,240.00,385.5
1757800498.6607342,239.81,675.9,239.86,457.0,239.80,598.8,239.87,559.5,239.79,415.9,239.88,383.5,239.78,577.4,239.89,411.9,239.77,408.0,239.90,618.6,239.76,390.8,239.91,695.8,239.75,520.8,239.92,619.1,239.74,521.5,239.93,515.4,239.73,524.8,239.94,568.4,239.72,393.2,239.95,508.9,239.71,420.9,239.96,658.3,239.70,451.9,239.97,608.5,239.69,487.4,239.98,671.0,239.68,538.7,239.99,396.3,239.67,510.8,240.00,385.5
1757800500.8605144,239.80,532.0,239.86,457.0,239.79,406.6,239.87,559.5,239.78,411.6,239.88,383.5,239.77,581.4,239.89,411.9,239.76,678.6,239.90,618.6,239.75,683.2,239.91,695.8,239.74,449.9,239.92,619.1,239.73,682.3,239.93,515.4,239.72,632.1,239.94,568.4,239.71,573.9,239.95,508.9,239.70,499.7,239.96,658.3,239.69,524.3,239.97,608.5,239.68,611.7,239.98,671.0,239.67,415.9,239.99,396.3,239.66,629.9,240.00,385.5
1757800500.9618473,239.80,532.0,239.85,516.9,239.79,406.6,239.86,506.9,239.78,411.6,239.87,552.0,239.77,581.4,239.88,629.0,239.76,678.6,239.89,631.4,239.75,683.2,239.90,501.9,239.74,449.9,239.91,380.9,239.73,682.3,239.92,442.2,239.72,632.1,239.93,458.4,239.71,573.9,239.94,468.3,239.70,499.7,239.95,440.5,239.69,524.3,239.96,658.7,239.68,611.7,239.97,581.5,239.67,415.9,239.98,637.2,239.66,629.9,239.99,641.5
1757800503.0606298,239.80,532.0,239.85,599.9,239.79,406.6,239.86,478.9,239.78,411.6,239.87,512.5,239.77,581.4,239.88,544.3,239.76,678.6,239.89,465.9,239.75,683.2,239.90,409.2,239.74,449.9,239.91,665.0,239.73,682.3,239.92,598.6,239.72,632.1,239.93,568.0,239.71,573.9,239.94,422.1,239.70,499.7,239.95,657.0,239.69,524.3,239.96,508.8,239.68,611.7,239.97,395.1,239.67,415.9,239.98,694.6,239.66,629.9,239.99,647.3
1757800503.1618633,239.80,532.4,239.85,599.9,239.79,663.7,239.86,478.9,239.78,395.4,239.87,512.5,239.77,572.0,239.88,544.3,239.76,500.5,239.89,465.9,239.75,445.1,239.90,409.2,239.74,570.5,239.91,665.0,239.73,457.3,239.92,598.6,239.72,592.4,239.93,568.0,239.71,462.4,239.94,422.1,239.70,669.9,239.95,657.0,239.69,386.0,239.96,508.8,239.68,620.6,239.97,395.1,239.67,482.6,239.98,694.6,239.66,436.0,239.99,647.3
1757800505.2615294,239.80,532.4,239.85,1274.6,239.79,663.7,239.86,1159.0,239.78,395.4,239.87,1123.0,239.77,572.0,239.88,1133.8,239.76,500.5,239.89,1163.5,239.75,445.1,239.90,839.3,239.74,570.5,239.91,1226.2,239.73,457.3,239.92,1097.1,239.72,592.4,239.93,1232.8,239.71,462.4,239.94,955.0,239.70,669.9,239.95,1197.1,239.69,386.0,239.96,998.7,239.68,620.6,239.97,1006.5,239.67,482.6,239.98,1139.1,239.66,436.0,239.99,1330.7
1757800505.3634355,239.80,683.7,239.85,674.7,239.79,590.1,239.86,680.1,239.78,636.2,239.87,610.5,239.77,576.7,239.88,589.5,239.76,428.0,239.89,697.6,239.75,643.4,239.90,430.1,239.74,412.0,239.91,561.2,239.73,701.9,239.92,498.5,239.72,449.6,239.93,664.8,239.71,645.8,239.94,538.6,239.70,572.4,239.95,540.1,239.69,649.4,239.96,489.9,239.68,558.9,239.97,611.4,239.67,474.6,239.98,444.5,239.66,628.7,239.99,683.4
1757800507.460109,239.80,683.7,239.85,441.0,239.79,590.1,239.86,630.4,239.78,636.2,239.87,561.0,239.77,576.7,239.88,412.7,239.76,428.0,239.89,389.2,239.75,643.4,239.90,609.0,239.74,412.0,239.91,473.1,239.73,701.9,239.92,529.5,239.72,449.6,239.93,502.3,239.71,645.8,239.94,453.3,239.70,572.4,239.95,534.6,239.69,649.4,239.96,400.2,239.68,558.9,239.97,479.0,239.67,474.6,239.98,684.3,239.66,628.7,239.99,395.2
1757800507.5617926,239.80,591.9,239.85,441.0,239.79,581.0,239.86,630.4,239.78,512.7,239.87,561.0,239.77,666.9,239.88,412.7,239.76,401.9,239.89,389.2,239.75,512.4,239.90,609.0,239.74,696.4,239.91,473.1,239.73,670.1,239.92,529.5,239.72,544.0,239.93,502.3,239.71,479.1,239.94,453.3,239.70,387.4,239.95,534.6,239.69,588.7,239.96,400.2,239.68,448.0,239.97,479.0,239.67,573.3,239.98,684.3,239.66,500.7,239.99,395.2
1757800509.6610196,239.80,591.9,239.85,645.5,239.79,581.0,239.86,521.2,239.78,512.7,239.87,610.2,239.77,666.9,239.88,664.0,239.76,401.9,239.89,511.1,239.75,512.4,239.90,575.4,239.74,696.4,239.91,612.1,239.73,670.1,239.92,550.7,239.72,544.0,239.93,403.6,239.71,479.1,239.94,514.0,239.70,387.4,239.95,526.4,239.69,588.7,239.96,502.0,239.68,448.0,239.97,563.4,239.67,573.3,239.98,692.2,239.66,500.7,239.99,682.8
1757800509.761905,239.80,398.1,239.85,645.5,239.79,468.9,239.86,521.2,239.78,444.6,239.87,610.2,239.77,670.3,239.88,664.0,239.76,454.9,239.89,511.1,239.75,455.8,239.90,575.4,239.74,514.3,239.91,612.1,239.73,476.9,239.92,550.7,239.72,563.5,239.93,403.6,239.71,626.4,239.94,514.0,239.70,667.3,239.95,526.4,239.69,489.0,239.96,502.0,239.68,450.9,239.97,563.4,239.67,521.8,239.98,692.2,239.66,532.9,239.99,682.8
1757800511.961213,239.80,680.1,239.85,477.9,239.79,685.1,239.86,554.0,239.78,396.5,239.87,462.8,239.77,596.8,239.88,638.5,239.76,655.1,239.89,644.6,239.75,407.4,239.90,625.7,239.74,639.7,239.91,471.7,239.73,688.9,239.92,494.4,239.72,404.3,239.93,613.1,239.71,596.1,239.94,450.3,239.70,396.9,239.95,657.5,239.69,536.4,239.96,575.6,239.68,581.4,239.97,445.9,239.67,444.8,239.98,672.3,239.66,688.4,239.99,505.7
1757800514.1642992,239.80,680.1,239.85,558.3,239.79,685.1,239.86,656.2,239.78,396.5,239.87,386.6,239.77,596.8,239.88,558.9,239.76,655.1,239.89,605.1,239.75,407.4,239.90,438.4,239.74,639.7,239.91,501.4,239.73,688.9,239.92,661.6,239.72,404.3,239.93,452.3,239.71,596.1,239.94,431.7,239.70,396.9,239.95,678.1,239.69,536.4,239.96,463.7,239.68,581.4,239.97,474.0,239.67,444.8,239.98,518.2,239.66,688.4,239.99,459.6
1757800514.2606978,239.80,635.3,239.85,558.3,239.79,392.8,239.86,656.2,239.78,698.1,239.87,386.6,239.77,389.7,239.88,558.9,239.76,624.5,239.89,605.1,239.75,555.7,239.90,438.4,239.74,467.1,239.91,501.4,239.73,541.4,239.92,661.6,239.72,543.1,239.93,452.3,239.71,512.4,239.94,431.7,239.70,617.5,239.95,678.1,239.69,495.5,239.96,463.7,239.68,508.9,239.97,474.0,239.67,479.2,239.98,518.2,239.66,390.8,239.99,459.6
1757800516.3618913,239.80,635.3,239.85,695.2,239.79,392.8,239.86,407.1,239.78,698.1,239.87,574.4,239.77,389.7,239.88,378.9,239.76,624.5,239.89,551.6,239.75,555.7,239.90,527.6,239.74,467.1,239.91,615.5,239.73,541.4,239.92,457.5,239.72,543.1,239.93,641.6,239.71,512.4,239.94,429.6,239.70,617.5,239.95,436.6,239.69,495.5,239.96,594.6,239.68,508.9,239.97,580.5,239.67,479.2,239.98,450.0,239.66,390.8,239.99,507.8
1757800516.464112,239.80,601.5,239.85,695.2,239.79,590.6,239.86,407.1,239.78,508.9,239.87,574.4,239.77,384.1,239.88,378.9,239.76,441.3,239.89,551.6,239.75,578.0,239.90,527.6,239.74,600.0,239.91,615.5,239.73,396.6,239.92,457.5,239.72,457.9,239.93,641.6,239.71,689.3,239.94,429.6,239.70,523.9,239.95,436.6,239.69,547.7,239.96,594.6,239.68,663.3,239.97,580.5,239.67,675.2,239.98,450.0,239.66,524.3,239.99,507.8
1757800518.5606909,239.80,601.5,239.85,511.9,239.79,590.6,239.86,667.3,239.78,508.9,239.87,641.1,239.77,384.1,239.88,426.9,239.76,441.3,239.89,659.1,239.75,578.0,239.90,493.9,239.74,600.0,239.91,503.3,239.73,396.6,239.92,592.8,239.72,457.9,239.93,602.6,239.71,689.3,239.94,517.0,239.70,523.9,239.95,588.7,239.69,547.7,239.96,531.9,239.68,663.3,239.97,421.0,239.67,675.2,239.98,449.0,239.66,524.3,239.99,700.4
1757800518.6634977,239.80,564.0,239.85,511.9,239.79,628.2,239.86,667.3,239.78,611.2,239.87,641.1,239.77,509.2,239.88,426.9,239.76,482.1,239.89,659.1,239.75,701.7,239.90,493.9,239.74,597.7,239.91,503.3,239.73,683.6,239.92,592.8,239.72,568.6,239.93,602.6,239.71,518.3,239.94,517.0,239.70,659.6,239.95,588.7,239.69,451.5,239.96,531.9,239.68,412.1,239.97,421.0,239.67,456.5,239.98,449.0,239.66,465.2,239.99,700.4
1757800639.3982008,239.76,519.2,239.81,549.7,239.75,566.1,239.82,582.6,239.74,554.0,239.83,380.1,239.73,533.4,239.84,404.0,239.72,456.7,239.85,646.2,239.71,408.2,239.86,697.2,239.70,681.2,239.87,664.5,239.69,547.1,239.88,415.9,239.68,579.8,239.89,692.7,239.67,446.0,239.90,599.6,239.66,435.5,239.91,586.9,239.65,563.6,239.92,410.1,239.64,653.2,239.93,668.7,239.63,402.6,239.94,431.4,239.62,565.7,239.95,586.2
1757800640.254534,239.76,519.2,239.81,1039.8,239.75,566.1,239.82,1195.4,239.74,554.0,239.83,806.3,239.73,533.4,239.84,1058.9,239.72,456.7,239.85,1091.8,239.71,408.2,239.86,1361.3,239.70,681.2,239.87,1165.9,239.69,547.1,239.88,999.8,239.68,579.8,239.89,1321.4,239.67,446.0,239.90,1261.9,239.66,435.5,239.91,1184.9,239.65,563.6,239.92,1040.5,239.64,653.2,239.93,1213.6,239.63,402.6,239.94,890.5,239.62,565.7,239.95,1201.1
1757800640.3564079,239.76,675.3,239.81,490.1,239.75,594.7,239.82,612.8,239.74,650.1,239.83,426.2,239.73,422.2,239.84,654.9,239.72,490.7,239.85,445.6,239.71,659.0,239.86,664.1,239.70,415.1,239.87,501.4,239.69,438.2,239.88,583.9,239.68,503.7,239.89,628.7,239.67,412.1,239.90,662.3,239.66,672.8,239.91,598.0,239.65,699.0,239.92,630.4,239.64,443.5,239.93,544.9,239.63,474.6,239.94,464.8,239.62,533.5,239.95,614.9
1757800642.556025,239.76,675.3,239.81,418.4,239.75,594.7,239.82,574.4,239.74,650.1,239.83,641.5,239.73,422.2,239.84,594.1,239.72,490.7,239.85,689.1,239.71,659.0,239.86,683.5,239.70,415.1,239.87,405.8,239.69,438.2,239.88,402.4,239.68,503.7,239.89,572.0,239.67,412.1,239.90,648.8,239.66,672.8,239.91,679.7,239.65,699.0,239.92,444.6,239.64,443.5,239.93,695.2,239.63,474.6,239.94,527.5,239.62,533.5,239.95,674.4
1757800642.6584888,239.76,653.0,239.81,418.4,239.75,534.4,239.82,574.4,239.74,473.1,239.83,641.5,239.73,494.3,239.84,594.1,239.72,505.4,239.85,689.1,239.71,539.9,239.86,683.5,239.70,630.2,239.87,405.8,239.69,631.4,239.88,402.4,239.68,428.2,239.89,572.0,239.67,572.1,239.90,648.8,239.66,409.6,239.91,679.7,239.65,442.2,239.92,444.6,239.64,686.1,239.93,695.2,239.63,602.9,239.94,527.5,239.62,466.8,239.95,674.4
1757800644.8567722,239.76,653.0,239.81,552.3,239.75,534.4,239.82,526.7,239.74,473.1,239.83,662.6,239.73,494.3,239.84,638.1,239.72,505.4,239.85,540.6,239.71,539.9,239.86,378.0,239.70,630.2,239.87,592.4,239.69,631.4,239.88,579.9,239.68,428.2,239.89,575.5,239.67,572.1,239.90,653.4,239.66,409.6,239.91,410.2,239.65,442.2,239.92,550.7,239.64,686.1,239.93,512.0,239.63,602.9,239.94,542.1,239.62,466.8,239.95,658.8
1757800644.95625,239.76,481.0,239.81,552.3,239.75,593.8,239.82,526.7,239.74,497.7,239.83,662.6,239.73,637.7,239.84,638.1,239.72,570.8,239.85,540.6,239.71,468.9,239.86,378.0,239.70,695.4,239.87,592.4,239.69,616.7,239.88,579.9,239.68,485.3,239.89,575.5,239.67,535.8,239.90,653.4,239.66,402.0,239.91,410.2,239.65,438.9,239.92,550.7,239.64,534.6,239.93,512.0,239.63,508.7,239.94,542.1,239.62,473.2,239.95,658.8
1757800647.0627637,239.76,481.0,239.81,655.3,239.75,593.8,239.82,396.7,239.74,497.7,239.83,648.1,239.73,637.7,239.84,636.9,239.72,570.8,239.85,650.1,239.71,468.9,239.86,544.5,239.70,695.4,239.87,692.6,239.69,616.7,239.88,579.5,239.68,485.3,239.89,463.3,239.67,535.8,239.90,641.2,239.66,402.0,239.91,448.7,239.65,438.9,239.92,634.1,239.64,534.6,239.93,574.3,239.63,508.7,239.94,478.1,239.62,473.2,239.95,680.6
1757800647.1644905,239.76,657.4,239.81,655.3,239.75,597.0,239.82,396.7,239.74,538.5,239.83,648.1,239.73,638.0,239.84,636.9,239.72,698.9,239.85,650.1,239.71,488.3,239.86,544.5,239.70,533.0,239.87,692.6,239.69,508.6,239.88,579.5,239.68,543.0,239.89,463.3,239.67,651.4,239.90,641.2,239.66,542.0,239.91,448.7,239.65,488.6,239.92,634.1,239.64,657.5,239.93,574.3,239.63,692.3,239.94,478.1,239.62,608.1,239.95,680.6
1757800649.2605915,239.76,657.4,239.81,575.5,239.75,597.0,239.82,468.3,239.74,538.5,239.83,680.0,239.73,638.0,239.84,519.4,239.72,698.9,239.85,496.6,239.71,488.3,239.86,475.7,239.70,533.0,239.87,537.2,239.69,508.6,239.88,493.6,239.68,543.0,239.89,405.8,239.67,651.4,239.90,424.0,239.66,542.0,239.91,657.9,239.65,488.6,239.92,618.2,239.64,657.5,239.93,667.8,239.63,692.3,239.94,669.9,239.62,608.1,239.95,426.1
1757800649.3668532,239.76,670.6,239.81,575.5,239.75,661.4,239.82,468.3,239.74,572.6,239.83,680.0,239.73,383.9,239.84,519.4,239.72,659.0,239.85,496.6,239.71,669.8,239.86,475.7,239.70,666.4,239.87,537.2,239.69,632.6,239.88,493.6,239.68,487.2,239.89,405.8,239.67,494.2,239.90,424.0,239.66,610.6,239.91,657.9,239.65,501.4,239.92,618.2,239.64,502.5,239.93,667.8,239.63,649.2,239.94,669.9,239.62,676.7,239.95,426.1
1757800651.5611358,239.76,670.6,239.81,672.8,239.75,661.4,239.82,593.8,239.74,572.6,239.83,615.9,239.73,383.9,239.84,602.6,239.72,659.0,239.85,491.6,239.71,669.8,239.86,696.8,239.70,666.4,239.87,641.1,239.69,632.6,239.88,689.1,239.68,487.2,239.89,466.2,239.67,494.2,239.90,458.2,239.66,610.6,239.91,617.6,239.65,501.4,239.92,429.9,239.64,502.5,239.93,651.1,239.63,649.2,239.94,469.6,239.62,676.7,239.95,622.7
1757800651.6616857,239.76,428.2,239.81,672.8,239.75,570.7,239.82,593.8,239.74,436.1,239.83,615.9,239.73,557.1,239.84,602.6,239.72,506.3,239.85,491.6,239.71,413.0,239.86,696.8,239.70,414.4,239.87,641.1,239.69,416.4,239.88,689.1,239.68,422.1,239.89,466.2,239.67,499.4,239.90,458.2,239.66,664.5,239.91,617.6,239.65,481.9,239.92,429.9,239.64,540.9,239.93,651.1,239.63,603.4,239.94,469.6,239.62,591.0,239.95,622.7
1757800653.7621346,239.76,428.2,239.81,481.0,239.75,570.7,239.82,501.0,239.74,436.1,239.83,397.5,239.73,557.1,239.84,548.6,239.72,506.3,239.85,459.6,239.71,413.0,239.86,576.9,239.70,414.4,239.87,378.6,239.69,416.4,239.88,1144.8,239.68,422.1,239.89,449.0,239.67,499.4,239.90,1051.1,239.66,664.5,239.91,1044.6,239.65,481.9,239.92,1091.1,239.64,540.9,239.93,651.1,239.63,603.4,239.94,418.5,239.62,591.0,239.95,481.3
1757800653.8623178,239.76,544.5,239.81,481.0,239.75,400.7,239.82,501.0,239.74,553.3,239.83,397.5,239.73,547.1,239.84,548.6,239.72,697.6,239.85,459.6,239.71,586.0,239.86,576.9,239.70,680.2,239.87,378.6,239.69,652.6,239.88,455.7,239.68,651.6,239.89,449.0,239.67,398.4,239.90,592.9,239.66,416.6,239.91,427.0,239.65,587.9,239.92,661.2,239.64,599.1,239.93,651.1,239.63,433.9,239.94,418.5,239.62,688.2,239.95,481.3
1757800656.0652978,239.76,544.5,239.81,608.0,239.75,400.7,239.82,449.9,239.74,553.3,239.83,553.7,239.73,547.1,239.84,557.3,239.72,697.6,239.85,565.3,239.71,586.0,239.86,505.2,239.70,680.2,239.87,493.3,239.69,652.6,239.88,481.7,239.68,651.6,239.89,410.9,239.67,398.4,239.90,420.3,239.66,416.6,239.91,535.5,239.65,587.9,239.92,438.3,239.64,599.1,239.93,542.3,239.63,433.9,239.94,667.4,239.62,688.2,239.95,475.1
1757800656.172887,239.76,395.8,239.81,608.0,239.75,574.8,239.82,449.9,239.74,454.0,239.83,553.7,239.73,405.3,239.84,557.3,239.72,515.8,239.85,565.3,239.71,388.9,239.86,505.2,239.70,558.9,239.87,493.3,239.69,539.0,239.88,481.7,239.68,664.2,239.89,410.9,239.67,557.2,239.90,420.3,239.66,486.3,239.91,535.5,239.65,694.9,239.92,438.3,239.64,467.7,239.93,542.3,239.63,518.3,239.94,667.4,239.62,535.3,239.95,475.1
1757800658.0671911,239.76,395.8,239.86,505.2,239.75,574.8,239.87,493.3,239.74,454.0,239.88,481.7,239.73,405.3,239.89,410.9,239.72,515.8,239.90,420.3,239.71,388.9,239.91,535.5,239.70,558.9,239.92,438.3,239.69,539.0,239.93,542.3,239.68,664.2,239.94,667.4,239.67,557.2,239.95,475.1,239.66,486.3,239.96,667.7,239.65,694.9,239.97,675.0,239.64,467.7,239.98,417.3,239.63,518.3,239.99,682.8,239.62,535.3,240.00,561.2
1757800658.1736555,239.81,581.6,239.86,505.2,239.80,463.1,239.87,493.3,239.79,466.4,239.88,481.7,239.78,512.2,239.89,410.9,239.77,483.3,239.90,420.3,239.76,395.8,239.91,535.5,239.75,574.8,239.92,438.3,239.74,454.0,239.93,542.3,239.73,405.3,239.94,667.4,239.72,515.8,239.95,475.1,239.71,388.9,239.96,667.7,239.70,558.9,239.97,675.0,239.69,539.0,239.98,417.3,239.68,664.2,239.99,682.8,239.67,557.2,240.00,561.2
1757800660.1791162,239.81,581.6,239.86,505.2,239.80,463.1,239.87,883.5,239.79,466.4,239.88,991.9,239.78,512.2,239.89,792.7,239.77,483.3,239.90,1086.7,239.76,395.8,239.91,1236.9,239.75,574.8,239.92,438.3,239.74,454.0,239.93,978.2,239.73,405.3,239.94,1123.7,239.72,515.8,239.95,1173.5,239.71,388.9,239.96,667.7,239.70,558.9,239.97,1077.9,239.69,539.0,239.98,417.3,239.68,664.2,239.99,682.8,239.67,557.2,240.00,1083.7
1757800660.2682905,239.82,452.9,239.87,390.2,239.81,472.2,239.88,510.2,239.80,568.7,239.89,381.8,239.79,426.0,239.90,666.4,239.78,409.6,239.91,701.4,239.77,579.3,239.92,515.9,239.76,394.2,239.93,435.9,239.75,536.7,239.94,462.0,239.74,696.6,239.95,698.4,239.73,466.1,239.96,408.2,239.72,465.1,239.97,402.9,239.71,591.4,239.98,653.1,239.70,388.5,239.99,452.2,239.69,399.3,240.00,522.5,239.68,594.0,240.01,518.3
1757800662.3623624,239.82,452.9,239.87,825.1,239.81,472.2,239.88,1180.4,239.80,568.7,239.89,851.4,239.79,426.0,239.90,1185.9,239.78,409.6,239.91,1159.1,239.77,579.3,239.92,975.9,239.76,394.2,239.93,850.7,239.75,536.7,239.94,912.4,239.74,696.6,239.95,1292.2,239.73,466.1,239.96,1047.0,239.72,465.1,239.97,1079.4,239.71,591.4,239.98,1087.8,239.70,388.5,239.99,938.4,239.69,399.3,240.00,1098.2,239.68,594.0,240.01,925.4
1757800662.4630485,239.82,574.2,239.87,434.9,239.81,529.4,239.88,670.2,239.80,583.7,239.89,469.6,239.79,694.9,239.90,519.5,239.78,448.8,239.91,457.7,239.77,408.3,239.92,460.0,239.76,654.3,239.93,414.8,239.75,586.4,239.94,456.1,239.74,447.7,239.95,593.8,239.73,661.4,239.96,638.8,239.72,487.8,239.97,676.5,239.71,617.2,239.98,434.7,239.70,461.1,239.99,486.2,239.69,457.7,240.00,575.7,239.68,423.6,240.01,407.1
1757800664.6576662,239.82,546.0,239.87,626.1,239.81,601.7,239.88,397.6,239.80,602.9,239.89,584.3,239.79,551.2,239.90,476.3,239.78,430.1,239.91,541.2,239.77,489.8,239.92,454.4,239.76,463.4,239.93,462.2,239.75,648.8,239.94,555.5,239.74,404.5,239.95,459.5,239.73,696.9,239.96,466.1,239.72,431.8,239.97,475.0,239.71,389.9,239.98,538.9,239.70,470.4,239.99,600.8,239.69,500.4,240.00,487.3,239.68,626.9,240.01,383.8
1757800666.8595378,239.82,635.2,239.87,410.2,239.81,475.2,239.88,458.3,239.80,1187.2,239.89,499.9,239.79,603.2,239.90,601.5,239.78,618.1,239.91,611.9,239.77,564.1,239.92,437.4,239.76,393.5,239.93,441.6,239.75,573.3,239.94,577.9,239.74,509.6,239.95,610.4,239.73,607.4,239.96,581.3,239.72,429.5,239.97,494.5,239.71,475.0,239.98,570.8,239.70,414.7,239.99,642.6,239.69,635.7,240.00,651.2,239.68,612.3,240.01,385.3
1757800666.958581,239.82,635.2,239.87,410.2,239.81,475.2,239.88,458.3,239.80,584.3,239.89,499.9,239.79,603.2,239.90,601.5,239.78,618.1,239.91,611.9,239.77,564.1,239.92,437.4,239.76,393.5,239.93,441.6,239.75,573.3,239.94,577.9,239.74,509.6,239.95,610.4,239.73,607.4,239.96,581.3,239.72,429.5,239.97,494.5,239.71,475.0,239.98,570.8,239.70,414.7,239.99,642.6,239.69,635.7,240.00,651.2,239.68,612.3,240.01,385.3
1757800669.0658407,239.82,635.2,239.87,548.1,239.81,475.2,239.88,617.3,239.80,584.3,239.89,614.5,239.79,603.2,239.90,684.7,239.78,618.1,239.91,676.2,239.77,564.1,239.92,544.5,239.76,393.5,239.93,412.0,239.75,573.3,239.94,696.0,239.74,509.6,239.95,398.7,239.73,607.4,239.96,601.3,239.72,429.5,239.97,496.0,239.71,475.0,239.98,408.2,239.70,414.7,239.99,630.9,239.69,635.7,240.00,638.8,239.68,612.3,240.01,501.0
1757800669.1652193,239.82,666.2,239.87,548.1,239.81,398.9,239.88,617.3,239.80,393.2,239.89,614.5,239.79,544.5,239.90,684.7,239.78,533.4,239.91,676.2,239.77,516.5,239.92,544.5,239.76,691.6,239.93,412.0,239.75,489.9,239.94,696.0,239.74,553.9,239.95,398.7,239.73,596.1,239.96,601.3,239.72,420.5,239.97,496.0,239.71,515.0,239.98,408.2,239.70,471.0,239.99,630.9,239.69,449.3,240.00,638.8,239.68,405.5,240.01,501.0
1757800671.257968,239.82,666.2,239.87,441.0,239.81,398.9,239.88,428.2,239.80,393.2,239.89,382.2,239.79,544.5,239.90,428.7,239.78,533.4,239.91,490.7,239.77,516.5,239.92,647.4,239.76,691.6,239.93,378.4,239.75,489.9,239.94,423.3,239.74,553.9,239.95,412.4,239.73,596.1,239.96,624.0,239.72,420.5,239.97,619.0,239.71,515.0,239.98,388.7,239.70,471.0,239.99,491.2,239.69,449.3,240.00,379.6,239.68,405.5,240.01,681.2
1757800671.3563771,239.82,486.2,239.87,441.0,239.81,679.0,239.88,428.2,239.80,538.2,239.89,382.2,239.79,559.2,239.90,428.7,239.78,435.5,239.91,490.7,239.77,690.9,239.92,647.4,239.76,422.6,239.93,378.4,239.75,464.6,239.94,423.3,239.74,569.0,239.95,412.4,239.73,451.8,239.96,624.0,239.72,518.0,239.97,619.0,239.71,508.7,239.98,388.7,239.70,452.7,239.99,491.2,239.69,416.0,240.00,379.6,239.68,677.7,240.01,681.2
1757800673.4663088,239.82,486.2,239.87,618.9,239.81,679.0,239.88,654.8,239.80,538.2,239.89,593.0,239.79,559.2,239.90,660.3,239.78,435.5,239.91,536.9,239.77,690.9,239.92,647.4,239.76,422.6,239.93,520.5,239.75,464.6,239.94,425.7,239.74,569.0,239.95,468.3,239.73,451.8,239.96,686.5,239.72,518.0,239.97,528.6,239.71,508.7,239.98,652.4,239.70,452.7,239.99,458.6,239.69,416.0,240.00,676.3,239.68,677.7,240.01,533.0
1757800673.5576382,239.82,486.1,239.87,618.9,239.81,406.4,239.88,654.8,239.80,477.2,239.89,593.0,239.79,597.7,239.90,660.3,239.78,488.1,239.91,536.9,239.77,528.0,239.92,647.4,239.76,552.1,239.93,520.5,239.75,542.8,239.94,425.7,239.74,424.6,239.95,468.3,239.73,424.6,239.96,686.5,239.72,384.5,239.97,528.6,239.71,610.6,239.98,652.4,239.70,381.8,239.99,458.6,239.69,498.3,240.00,676.3,239.68,694.7,240.01,533.0
1757800675.6629272,239.82,486.1,239.87,629.2,239.81,406.4,239.88,579.0,239.80,477.2,239.89,392.0,239.79,597.7,239.90,438.1,239.78,488.1,239.91,539.8,239.77,528.0,239.92,504.1,239.76,552.1,239.93,479.3,239.75,542.8,239.94,568.0,239.74,424.6,239.95,599.5,239.73,424.6,239.96,407.6,239.72,384.5,239.97,563.4,239.71,610.6,239.98,558.8,239.70,381.8,239.99,568.2,239.69,498.3,240.00,552.1,239.68,694.7,240.01,601.3
1757800675.7618382,239.82,436.9,239.87,629.2,239.81,422.8,239.88,579.0,239.80,670.3,239.89,392.0,239.79,462.8,239.90,438.1,239.78,523.0,239.91,539.8,239.77,544.2,239.92,504.1,239.76,559.7,239.93,479.3,239.75,560.8,239.94,568.0,239.74,437.2,239.95,599.5,239.73,519.3,239.96,407.6,239.72,521.0,239.97,563.4,239.71,556.6,239.98,558.8,239.70,517.7,239.99,568.2,239.69,669.2,240.00,552.1,239.68,613.3,240.01,601.3
1757800677.959931,239.82,552.7,239.87,594.5,239.81,1066.7,239.88,490.2,239.80,1126.5,239.89,477.4,239.79,1116.0,239.90,503.0,239.78,957.6,239.91,469.0,239.77,569.0,239.92,586.1,239.76,1165.5,239.93,559.7,239.75,649.4,239.94,518.1,239.74,975.7,239.95,597.1,239.73,1083.9,239.96,423.1,239.72,580.0,239.97,438.4,239.71,969.4,239.98,426.2,239.70,1201.4,239.99,700.4,239.69,1170.7,240.00,391.4,239.68,1287.1,240.01,594.9
1757800678.0630774,239.82,552.7,239.87,594.5,239.81,643.9,239.88,490.2,239.80,456.2,239.89,477.4,239.79,653.2,239.90,503.0,239.78,434.6,239.91,469.0,239.77,569.0,239.92,586.1,239.76,605.8,239.93,559.7,239.75,649.4,239.94,518.1,239.74,538.5,239.95,597.1,239.73,564.6,239.96,423.1,239.72,580.0,239.97,438.4,239.71,412.8,239.98,426.2,239.70,683.7,239.99,700.4,239.69,501.5,240.00,391.4,239.68,673.8,240.01,594.9
1757800680.0645247,239.82,552.7,239.87,609.4,239.81,643.9,239.88,556.7,239.80,456.2,239.89,683.0,239.79,653.2,239.90,619.3,239.78,434.6,239.91,648.6,239.77,569.0,239.92,478.4,239.76,605.8,239.93,611.8,239.75,649.4,239.94,654.8,239.74,538.5,239.95,647.0,239.73,564.6,239.96,561.9,239.72,580.0,239.97,442.2,239.71,412.8,239.98,441.2,239.70,683.7,239.99,388.0,239.69,501.5,240.00,513.3,239.68,673.8,240.01,700.4
1757800680.1747437,239.82,548.7,239.87,609.4,239.81,516.0,239.88,556.7,239.80,698.0,239.89,683.0,239.79,485.0,239.90,619.3,239.78,639.0,239.91,648.6,239.77,565.2,239.92,478.4,239.76,421.3,239.93,611.8,239.75,630.8,239.94,654.8,239.74,432.7,239.95,647.0,239.73,480.3,239.96,561.9,239.72,493.8,239.97,442.2,239.71,535.5,239.98,441.2,239.70,665.2,239.99,388.0,239.69,378.6,240.00,513.3,239.68,692.2,240.01,700.4
1757800682.262775,239.82,548.7,239.87,484.3,239.81,516.0,239.88,393.8,239.80,698.0,239.89,474.7,239.79,485.0,239.90,672.6,239.78,639.0,239.91,625.1,239.77,565.2,239.92,651.3,239.76,421.3,239.93,684.4,239.75,630.8,239.94,672.3,239.74,432.7,239.95,569.7,239.73,480.3,239.96,517.2,239.72,493.8,239.97,657.6,239.71,535.5,239.98,530.2,239.70,665.2,239.99,566.9,239.69,378.6,240.00,549.5,239.68,692.2,240.01,537.1
1757800682.3627682,239.82,669.3,239.87,484.3,239.81,408.6,239.88,393.8,239.80,449.3,239.89,474.7,239.79,683.2,239.90,672.6,239.78,500.4,239.91,625.1,239.77,561.5,239.92,651.3,239.76,598.2,239.93,684.4,239.75,492.0,239.94,672.3,239.74,620.8,239.95,569.7,239.73,674.6,239.96,517.2,239.72,394.5,239.97,657.6,239.71,413.6,239.98,530.2,239.70,479.7,239.99,566.9,239.69,534.9,240.00,549.5,239.68,381.3,240.01,537.1
1757800684.5666716,239.82,669.3,239.87,409.5,239.81,408.6,239.88,700.8,239.80,449.3,239.89,590.5,239.79,683.2,239.90,416.1,239.78,500.4,239.91,557.5,239.77,561.5,239.92,494.7,239.76,598.2,239.93,464.9,239.75,492.0,239.94,607.2,239.74,620.8,239.95,620.8,239.73,674.6,239.96,470.6,239.72,394.5,239.97,446.7,239.71,413.6,239.98,648.3,239.70,479.7,239.99,672.0,239.69,534.9,240.00,694.7,239.68,381.3,240.01,399.1
1757800684.6648524,239.82,477.6,239.87,409.5,239.81,557.1,239.88,700.8,239.80,403.8,239.89,590.5,239.79,652.7,239.90,416.1,239.78,457.8,239.91,557.5,239.77,381.6,239.92,494.7,239.76,664.1,239.93,464.9,239.75,553.1,239.94,607.2,239.74,604.7,239.95,620.8,239.73,444.6,239.96,470.6,239.72,548.2,239.97,446.7,239.71,603.8,239.98,648.3,239.70,620.7,239.99,672.0,239.69,604.8,240.00,694.7,239.68,573.6,240.01,399.1
1757800686.7676477,239.82,1046.1,239.87,653.8,239.81,1217.3,239.88,651.8,239.80,875.8,239.89,629.5,239.79,1242.6,239.90,473.7,239.78,1038.4,239.91,677.4,239.77,1081.7,239.92,470.7,239.76,1184.3,239.93,574.1,239.75,1146.8,239.94,509.8,239.74,1033.9,239.95,593.1,239.73,991.1,239.96,424.9,239.72,1117.7,239.97,589.3,239.71,1010.5,239.98,408.2,239.70,1233.6,239.99,384.6,239.69,1290.1,240.00,553.5,239.68,1153.6,240.01,673.1
1757800686.868603,239.82,568.5,239.87,653.8,239.81,660.2,239.88,651.8,239.80,472.0,239.89,629.5,239.79,589.9,239.90,473.7,239.78,580.6,239.91,677.4,239.77,700.1,239.92,470.7,239.76,520.2,239.93,574.1,239.75,593.7,239.94,509.8,239.74,429.2,239.95,593.1,239.73,546.5,239.96,424.9,239.72,569.5,239.97,589.3,239.71,406.7,239.98,408.2,239.70,612.9,239.99,384.6,239.69,685.3,240.00,553.5,239.68,580.0,240.01,673.1
1757800688.9677236,239.82,609.9,239.87,631.4,239.81,625.1,239.88,497.0,239.80,671.7,239.89,384.5,239.79,468.4,239.90,558.2,239.78,691.2,239.91,627.2,239.77,501.7,239.92,452.1,239.76,695.1,239.93,679.4,239.75,486.1,239.94,603.4,239.74,408.6,239.95,523.1,239.73,439.8,239.96,569.8,239.72,632.6,239.97,425.8,239.71,473.1,239.98,572.6,239.70,577.4,239.99,418.7,239.69,535.6,240.00,379.0,239.68,586.8,240.01,578.7
1757800691.18175,239.82,609.9,239.87,539.4,239.81,625.1,239.88,444.2,239.80,671.7,239.89,435.1,239.79,468.4,239.90,485.7,239.78,691.2,239.91,455.1,239.77,501.7,239.92,535.5,239.76,695.1,239.93,510.8,239.75,486.1,239.94,686.5,239.74,408.6,239.95,461.2,239.73,439.8,239.96,552.2,239.72,632.6,239.97,585.5,239.71,473.1,239.98,636.4,239.70,577.4,239.99,587.9,239.69,535.6,240.00,640.5,239.68,586.8,240.01,529.2
1757800691.2706869,239.82,603.5,239.87,539.4,239.81,447.3,239.88,444.2,239.80,440.8,239.89,435.1,239.79,475.4,239.90,485.7,239.78,577.8,239.91,455.1,239.77,506.1,239.92,535.5,239.76,521.4,239.93,510.8,239.75,399.4,239.94,686.5,239.74,431.9,239.95,461.2,239.73,670.8,239.96,552.2,239.72,622.6,239.97,585.5,239.71,429.1,239.98,636.4,239.70,513.0,239.99,587.9,239.69,491.7,240.00,640.5,239.68,601.0,240.01,529.2
1757800693.360854,239.82,603.5,239.87,437.9,239.81,447.3,239.88,686.8,239.80,440.8,239.89,587.5,239.79,475.4,239.90,594.4,239.78,577.8,239.91,537.9,239.77,506.1,239.92,578.5,239.76,521.4,239.93,567.1,239.75,399.4,239.94,502.6,239.74,431.9,239.95,401.2,239.73,670.8,239.96,394.6,239.72,622.6,239.97,401.9,239.71,429.1,239.98,439.0,239.70,513.0,239.99,483.9,239.69,491.7,240.00,640.0,239.68,601.0,240.01,597.9
1757800693.4604542,239.82,501.9,239.87,437.9,239.81,472.0,239.88,686.8,239.80,622.1,239.89,587.5,239.79,679.0,239.90,594.4,239.78,606.7,239.91,537.9,239.77,571.4,239.92,578.5,239.76,560.0,239.93,567.1,239.75,563.7,239.94,502.6,239.74,503.1,239.95,401.2,239.73,564.8,239.96,394.6,239.72,631.7,239.97,401.9,239.71,690.9,239.98,439.0,239.70,518.6,239.99,483.9,239.69,402.8,240.00,640.0,239.68,685.9,240.01,597.9
1757800695.557935,239.82,501.9,239.87,548.8,239.81,472.0,239.88,455.1,239.80,622.1,239.89,687.6,239.79,679.0,239.90,535.4,239.78,606.7,239.91,605.4,239.77,571.4,239.92,425.5,239.76,560.0,239.93,382.7,239.75,563.7,239.94,398.3,239.74,503.1,239.95,617.7,239.73,564.8,239.96,637.2,239.72,631.7,239.97,671.7,239.71,690.9,239.98,542.9,239.70,518.6,239.99,459.5,239.69,402.8,240.00,412.2,239.68,685.9,240.01,547.9
1757800695.659701,239.82,566.5,239.87,548.8,239.81,430.5,239.88,455.1,239.80,540.0,239.89,687.6,239.79,691.4,239.90,535.4,239.78,461.3,239.91,605.4,239.77,382.2,239.92,425.5,239.76,681.9,239.93,382.7,239.75,415.9,239.94,398.3,239.74,452.7,239.95,617.7,239.73,393.1,239.96,637.2,239.72,595.6,239.97,671.7,239.71,440.2,239.98,542.9,239.70,493.9,239.99,459.5,239.69,637.3,240.00,412.2,239.68,552.2,240.01,547.9
1757800697.7583194,239.82,566.5,239.87,701.5,239.81,430.5,239.88,507.6,239.80,540.0,239.89,643.7,239.79,691.4,239.90,461.2,239.78,461.3,239.91,684.0,239.77,382.2,239.92,693.6,239.76,681.9,239.93,404.3,239.75,415.9,239.94,620.0,239.74,452.7,239.95,421.8,239.73,393.1,239.96,506.3,239.72,595.6,239.97,675.5,239.71,440.2,239.98,478.6,239.70,493.9,239.99,390.4,239.69,637.3,240.00,393.0,239.68,552.2,240.01,510.6
1757800697.8713014,239.82,393.6,239.87,701.5,239.81,440.1,239.88,507.6,239.80,561.1,239.89,643.7,239.79,628.4,239.90,461.2,239.78,482.8,239.91,684.0,239.77,462.9,239.92,693.6,239.76,617.7,239.93,404.3,239.75,468.5,239.94,620.0,239.74,638.3,239.95,421.8,239.73,655.7,239.96,506.3,239.72,459.6,239.97,675.5,239.71,588.5,239.98,478.6,239.70,685.8,239.99,390.4,239.69,445.9,240.00,393.0,239.68,672.2,240.01,510.6
1757800699.9665465,239.82,393.6,239.87,478.0,239.81,440.1,239.88,607.4,239.80,561.1,239.89,673.4,239.79,628.4,239.90,677.9,239.78,482.8,239.91,575.5,239.77,462.9,239.92,421.5,239.76,617.7,239.93,559.3,239.75,468.5,239.94,623.9,239.74,638.3,239.95,457.3,239.73,655.7,239.96,381.7,239.72,459.6,239.97,609.6,239.71,588.5,239.98,381.1,239.70,685.8,239.99,671.5,239.69,445.9,240.00,418.4,239.68,672.2,240.01,604.1
1757800700.0695775,239.82,551.3,239.87,478.0,239.81,636.6,239.88,607.4,239.80,471.1,239.89,673.4,239.79,545.0,239.90,677.9,239.78,622.2,239.91,575.5,239.77,437.8,239.92,421.5,239.76,460.0,239.93,559.3,239.75,391.7,239.94,623.9,239.74,379.1,239.95,457.3,239.73,504.1,239.96,381.7,239.72,382.4,239.97,609.6,239.71,398.1,239.98,381.1,239.70,557.2,239.99,671.5,239.69,681.2,240.00,418.4,239.68,689.1,240.01,604.1
1757800702.257834,239.82,551.3,239.87,647.1,239.81,636.6,239.88,630.7,239.80,471.1,239.89,555.7,239.79,545.0,239.90,616.4,239.78,622.2,239.91,524.5,239.77,437.8,239.92,671.3,239.76,460.0,239.93,506.4,239.75,391.7,239.94,627.1,239.74,379.1,239.95,424.8,239.73,504.1,239.96,664.7,239.72,382.4,239.97,425.3,239.71,398.1,239.98,495.3,239.70,557.2,239.99,597.6,239.69,681.2,240.00,428.5,239.68,689.1,240.01,524.2
1757800702.358918,239.82,625.9,239.87,647.1,239.81,641.7,239.88,630.7,239.80,647.4,239.89,555.7,239.79,544.8,239.90,616.4,239.78,522.6,239.91,524.5,239.77,488.8,239.92,671.3,239.76,661.9,239.93,506.4,239.75,429.9,239.94,627.1,239.74,635.1,239.95,424.8,239.73,405.7,239.96,664.7,239.72,673.0,239.97,425.3,239.71,541.1,239.98,495.3,239.70,582.3,239.99,597.6,239.69,450.9,240.00,428.5,239.68,573.8,240.01,524.2
1757800704.6588824,239.82,625.9,239.87,412.0,239.81,641.7,239.88,524.3,239.80,647.4,239.89,513.0,239.79,544.8,239.90,516.1,239.78,522.6,239.91,679.8,239.77,488.8,239.92,669.3,239.76,661.9,239.93,430.3,239.75,429.9,239.94,415.6,239.74,635.1,239.95,684.8,239.73,405.7,239.96,382.0,239.72,673.0,239.97,378.3,239.71,541.1,239.98,454.4,239.70,582.3,239.99,512.5,239.69,450.9,240.00,551.6,239.68,573.8,240.01,515.9
1757800704.8583465,239.82,598.0,239.87,412.0,239.81,518.8,239.88,524.3,239.80,474.1,239.89,513.0,239.79,430.6,239.90,516.1,239.78,572.8,239.91,679.8,239.77,609.1,239.92,669.3,239.76,653.5,239.93,430.3,239.75,508.6,239.94,415.6,239.74,669.2,239.95,684.8,239.73,469.3,239.96,382.0,239.72,513.8,239.97,378.3,239.71,473.7,239.98,454.4,239.70,531.0,239.99,512.5,239.69,624.0,240.00,551.6,239.68,569.3,240.01,515.9
1757800706.9594467,239.82,598.0,239.87,504.3,239.81,518.8,239.88,570.1,239.80,474.1,239.89,700.2,239.79,430.6,239.90,443.1,239.78,572.8,239.91,481.1,239.77,609.1,239.92,589.1,239.76,653.5,239.93,649.3,239.75,508.6,239.94,641.7,239.74,669.2,239.95,596.0,239.73,469.3,239.96,390.3,239.72,513.8,239.97,564.4,239.71,473.7,239.98,397.4,239.70,531.0,239.99,681.7,239.69,624.0,240.00,411.2,239.68,569.3,240.01,505.5
1757800707.0587678,239.82,987.2,239.87,504.3,239.81,586.2,239.88,570.1,239.80,450.4,239.89,700.2,239.79,415.1,239.90,443.1,239.78,628.2,239.91,481.1,239.77,1233.3,239.92,589.1,239.76,623.1,239.93,649.3,239.75,379.2,239.94,641.7,239.74,1317.6,239.95,596.0,239.73,973.1,239.96,390.3,239.72,1002.8,239.97,564.4,239.71,1042.3,239.98,397.4,239.70,664.9,239.99,681.7,239.69,497.2,240.00,411.2,239.68,1150.2,240.01,505.5
1757800707.1662085,239.82,389.2,239.87,504.3,239.81,586.2,239.88,570.1,239.80,450.4,239.89,700.2,239.79,415.1,239.90,443.1,239.78,628.2,239.91,481.1,239.77,624.2,239.92,589.1,239.76,623.1,239.93,649.3,239.75,379.2,239.94,641.7,239.74,648.4,239.95,596.0,239.73,503.8,239.96,390.3,239.72,489.0,239.97,564.4,239.71,568.6,239.98,397.4,239.70,664.9,239.99,681.7,239.69,497.2,240.00,411.2,239.68,580.9,240.01,505.5
1757800709.2623842,239.82,389.2,239.87,544.2,239.81,586.2,239.88,694.3,239.80,450.4,239.89,605.0,239.79,415.1,239.90,545.4,239.78,628.2,239.91,489.3,239.77,624.2,239.92,653.8,239.76,623.1,239.93,546.0,239.75,379.2,239.94,458.1,239.74,648.4,239.95,428.5,239.73,503.8,239.96,512.9,239.72,489.0,239.97,607.5,239.71,568.6,239.98,655.2,239.70,664.9,239.99,682.6,239.69,497.2,240.00,616.2,239.68,580.9,240.01,437.3
1757800709.360824,239.82,588.4,239.87,544.2,239.81,473.2,239.88,694.3,239.80,595.8,239.89,605.0,239.79,442.2,239.90,545.4,239.78,550.9,239.91,489.3,239.77,432.8,239.92,653.8,239.76,511.5,239.93,546.0,239.75,660.0,239.94,458.1,239.74,439.1,239.95,428.5,239.73,467.2,239.96,512.9,239.72,632.7,239.97,607.5,239.71,430.9,239.98,655.2,239.70,385.3,239.99,682.6,239.69,463.4,240.00,616.2,239.68,530.8,240.01,437.3
1757800711.4673965,239.82,588.4,239.87,464.4,239.81,473.2,239.88,639.9,239.80,595.8,239.89,684.9,239.79,442.2,239.90,567.9,239.78,550.9,239.91,644.7,239.77,432.8,239.92,684.9,239.76,511.5,239.93,548.6,239.75,660.0,239.94,650.4,239.74,439.1,239.95,471.7,239.73,467.2,239.96,532.9,239.72,632.7,239.97,676.2,239.71,430.9,239.98,594.3,239.70,385.3,239.99,555.8,239.69,463.4,240.00,398.0,239.68,530.8,240.01,495.6
1757800711.5611522,239.82,673.3,239.87,464.4,239.81,670.4,239.88,639.9,239.80,577.6,239.89,684.9,239.79,675.3,239.90,567.9,239.78,618.4,239.91,644.7,239.77,569.6,239.92,684.9,239.76,397.0,239.93,548.6,239.75,422.5,239.94,650.4,239.74,460.4,239.95,471.7,239.73,673.5,239.96,532.9,239.72,428.6,239.97,676.2,239.71,660.6,239.98,594.3,239.70,551.2,239.99,555.8,239.69,666.5,240.00,398.0,239.68,581.0,240.01,495.6
1757800713.6658049,239.82,673.3,239.87,490.1,239.81,670.4,239.88,472.2,239.80,577.6,239.89,399.3,239.79,675.3,239.90,427.6,239.78,618.4,239.91,465.1,239.77,569.6,239.92,626.2,239.76,397.0,239.93,470.4,239.75,422.5,239.94,666.0,239.74,460.4,239.95,405.7,239.73,673.5,239.96,472.9,239.72,428.6,239.97,676.4,239.71,660.6,239.98,683.5,239.70,551.2,239.99,511.3,239.69,666.5,240.00,512.2,239.68,581.0,240.01,488.9
1757800713.7792556,239.82,682.8,239.87,490.1,239.81,617.4,239.88,472.2,239.80,426.4,239.89,399.3,239.79,577.1,239.90,427.6,239.78,597.8,239.91,465.1,239.77,617.6,239.92,626.2,239.76,519.2,239.93,470.4,239.75,672.2,239.94,666.0,239.74,656.2,239.95,405.7,239.73,602.2,239.96,472.9,239.72,681.4,239.97,676.4,239.71,604.9,239.98,683.5,239.70,505.0,239.99,511.3,239.69,595.7,240.00,512.2,239.68,674.6,240.01,488.9
1757800715.8658328,239.82,682.8,239.87,493.9,239.81,617.4,239.88,586.4,239.80,426.4,239.89,421.2,239.79,577.1,239.90,396.8,239.78,597.8,239.91,688.6,239.77,617.6,239.92,453.7,239.76,519.2,239.93,692.6,239.75,672.2,239.94,453.1,239.74,656.2,239.95,585.5,239.73,602.2,239.96,683.1,239.72,681.4,239.97,515.3,239.71,604.9,239.98,436.3,239.70,505.0,239.99,561.7,239.69,595.7,240.00,385.3,239.68,674.6,240.01,435.0
1757800715.964483,239.82,578.6,239.87,493.9,239.81,522.6,239.88,586.4,239.80,499.5,239.89,421.2,239.79,621.6,239.90,396.8,239.78,598.5,239.91,688.6,239.77,577.4,239.92,453.7,239.76,601.0,239.93,692.6,239.75,442.5,239.94,453.1,239.74,680.6,239.95,585.5,239.73,463.3,239.96,683.1,239.72,378.6,239.97,515.3,239.71,689.3,239.98,436.3,239.70,556.7,239.99,561.7,239.69,506.7,240.00,385.3,239.68,399.1,240.01,435.0
1757800718.0654423,239.82,578.6,239.87,543.4,239.81,522.6,239.88,587.2,239.80,499.5,239.89,395.7,239.79,621.6,239.90,493.2,239.78,598.5,239.91,613.2,239.77,577.4,239.92,384.3,239.76,601.0,239.93,661.0,239.75,442.5,239.94,452.3,239.74,680.6,239.95,549.6,239.73,463.3,239.96,496.4,239.72,378.6,239.97,510.5,239.71,689.3,239.98,694.4,239.70,556.7,239.99,612.9,239.69,506.7,240.00,577.5,239.68,399.1,240.01,386.0
1757800718.172472,239.82,685.1,239.87,543.4,239.81,404.0,239.88,587.2,239.80,395.1,239.89,395.7,239.79,430.1,239.90,493.2,239.78,498.2,239.91,613.2,239.77,509.9,239.92,384.3,239.76,577.9,239.93,661.0,239.75,630.9,239.94,452.3,239.74,583.7,239.95,549.6,239.73,615.5,239.96,496.4,239.72,517.2,239.97,510.5,239.71,503.7,239.98,694.4,239.70,636.9,239.99,612.9,239.69,619.4,240.00,577.5,239.68,443.0,240.01,386.0
1757800720.2689254,239.82,685.1,239.87,442.1,239.81,404.0,239.88,407.8,239.80,395.1,239.89,519.9,239.79,430.1,239.90,624.5,239.78,498.2,239.91,438.6,239.77,509.9,239.92,579.2,239.76,577.9,239.93,539.6,239.75,630.9,239.94,666.2,239.74,583.7,239.95,406.5,239.73,615.5,239.96,423.4,239.72,517.2,239.97,565.4,239.71,503.7,239.98,433.4,239.70,636.9,239.99,690.1,239.69,619.4,240.00,625.5,239.68,443.0,240.01,480.4
1757800720.4725318,239.82,647.5,239.87,442.1,239.81,634.3,239.88,407.8,239.80,514.3,239.89,519.9,239.79,494.0,239.90,624.5,239.78,543.5,239.91,438.6,239.77,413.6,239.92,579.2,239.76,482.3,239.93,539.6,239.75,441.2,239.94,666.2,239.74,534.4,239.95,406.5,239.73,677.2,239.96,423.4,239.72,388.3,239.97,565.4,239.71,507.4,239.98,433.4,239.70,580.2,239.99,690.1,239.69,684.8,240.00,625.5,239.68,452.4,240.01,480.4
1757800722.564065,239.82,647.5,239.87,1138.9,239.81,634.3,239.88,407.8,239.80,514.3,239.89,1159.2,239.79,494.0,239.90,1030.3,239.78,543.5,239.91,1070.4,239.77,413.6,239.92,579.2,239.76,482.3,239.93,539.6,239.75,441.2,239.94,666.2,239.74,534.4,239.95,406.5,239.73,677.2,239.96,423.4,239.72,388.3,239.97,565.4,239.71,507.4,239.98,433.4,239.70,580.2,239.99,690.1,239.69,684.8,240.00,1247.3,239.68,452.4,240.01,1080.3
1757800722.6616566,239.82,647.5,239.87,696.8,239.81,634.3,239.88,633.2,239.80,514.3,239.89,639.3,239.79,494.0,239.90,405.8,239.78,543.5,239.91,631.8,239.77,413.6,239.92,653.6,239.76,482.3,239.93,657.8,239.75,441.2,239.94,647.4,239.74,534.4,239.95,491.5,239.73,677.2,239.96,561.6,239.72,388.3,239.97,601.7,239.71,507.4,239.98,441.2,239.70,580.2,239.99,455.1,239.69,684.8,240.00,621.8,239.68,452.4,240.01,599.9
1757800722.7600474,239.82,687.0,239.87,696.8,239.81,552.5,239.88,633.2,239.80,383.7,239.89,639.3,239.79,577.1,239.90,405.8,239.78,683.5,239.91,631.8,239.77,698.2,239.92,653.6,239.76,546.7,239.93,657.8,239.75,398.3,239.94,647.4,239.74,664.4,239.95,491.5,239.73,660.3,239.96,561.6,239.72,518.4,239.97,601.7,239.71,415.3,239.98,441.2,239.70,647.3,239.99,455.1,239.69,659.7,240.00,621.8,239.68,534.3,240.01,599.9
1757800724.8611672,239.82,679.1,239.87,694.8,239.81,627.9,239.88,462.9,239.80,530.7,239.89,651.5,239.79,664.5,239.90,404.4,239.78,431.8,239.91,600.4,239.77,463.4,239.92,403.3,239.76,598.9,239.93,694.5,239.75,657.9,239.94,441.2,239.74,500.2,239.95,668.5,239.73,670.9,239.96,612.6,239.72,414.8,239.97,584.8,239.71,615.4,239.98,581.4,239.70,550.4,239.99,672.7,239.69,590.8,240.00,558.8,239.68,451.5,240.01,659.6
1757800727.0575144,239.82,497.9,239.87,687.8,239.81,602.3,239.88,487.0,239.80,400.8,239.89,614.5,239.79,451.9,239.90,413.2,239.78,476.2,239.91,470.7,239.77,516.8,239.92,516.8,239.76,415.1,239.93,552.3,239.75,509.2,239.94,598.5,239.74,474.9,239.95,482.9,239.73,598.3,239.96,531.3,239.72,407.8,239.97,679.0,239.71,675.8,239.98,415.6,239.70,665.0,239.99,462.7,239.69,388.1,240.00,508.3,239.68,580.1,240.01,527.5
