timestamp,bid_1_price,bid_1_size,bid_2_price,bid_2_size,bid_3_price,bid_3_size,bid_4_price,bid_4_size,bid_5_price,bid_5_size,bid_6_price,bid_6_size,bid_7_price,bid_7_size,bid_8_price,bid_8_size,bid_9_price,bid_9_size,bid_10_price,bid_10_size,bid_11_price,bid_11_size,bid_12_price,bid_12_size,bid_13_price,bid_13_size,bid_14_price,bid_14_size,bid_15_price,bid_15_size,ask_1_price,ask_1_size,ask_2_price,ask_2_size,ask_3_price,ask_3_size,ask_4_price,ask_4_size,ask_5_price,ask_5_size,ask_6_price,ask_6_size,ask_7_price,ask_7_size,ask_8_price,ask_8_size,ask_9_price,ask_9_size,ask_10_price,ask_10_size,ask_11_price,ask_11_size,ask_12_price,ask_12_size,ask_13_price,ask_13_size,ask_14_price,ask_14_size,ask_15_price,ask_15_size
1757800369.2722602,115798.8,2.140,115801.2,11.265,115797.0,0.072,115802.9,0.072,115796.4,1.310,115803.5,1.250,115795.4,0.001,115804.9,0.050,115794.8,4.780,115805.0,5.733,115792.6,0.072,115807.1,0.072,115790.8,6.109,115808.8,4.695,115788.9,0.306,115810.6,3.767,115787.1,1.501,115811.3,0.005,115786.6,0.002,115811.6,0.020,115785.3,1.152,115812.3,4.518,115783.5,0.072,115812.6,0.020,115781.5,2.965,115814.0,2.557,115780.8,0.002,115815.7,0.072,115779.7,4.260,115817.6,6.928
1757800370.3631904,115798.8,2.140,115801.2,3.850,115797.0,0.072,115802.9,2.888,115796.4,1.310,115803.5,1.250,115795.4,0.001,115804.7,2.068,115794.8,4.780,115804.9,0.050,115792.6,0.072,115806.7,6.095,115790.8,6.109,115808.8,7.117,115788.9,0.306,115810.6,0.056,115787.1,1.501,115811.3,0.005,115786.6,0.002,115811.6,0.020,115785.3,1.152,115812.3,0.020,115783.5,0.072,115812.6,0.020,115781.5,2.965,115812.7,0.056,115780.8,0.002,115814.8,0.056,115779.7,4.260,115816.6,5.583
1757800370.66255,115798.8,5.845,115801.2,3.850,115797.0,2.474,115802.9,2.888,115796.4,1.310,115803.5,1.250,115795.4,0.001,115804.7,2.068,115795.1,3.212,115804.9,0.050,115793.0,1.488,115806.7,6.095,115790.8,4.693,115808.8,7.117,115788.9,0.056,115810.6,0.056,115786.7,0.056,115811.3,0.005,115786.6,0.002,115811.6,0.020,115784.5,0.056,115812.3,0.020,115782.6,6.704,115812.6,0.020,115780.8,0.002,115812.7,0.056,115780.6,6.180,115814.8,0.056,115778.5,0.876,115816.6,5.583
1757800371.8636124,115798.8,5.845,115801.2,3.850,115797.0,2.474,115802.9,2.888,115796.4,1.310,115803.5,1.250,115795.4,0.001,115804.7,2.068,115795.1,3.212,115804.9,0.050,115793.0,1.488,115806.7,6.095,115790.8,4.693,115808.8,7.117,115788.9,0.056,115809.7,0.004,115786.7,0.056,115810.6,0.056,115786.6,0.002,115811.3,0.005,115784.5,0.056,115811.6,0.020,115782.6,6.704,115812.3,0.020,115780.6,6.180,115812.6,0.020,115778.5,0.876,115812.7,0.056,115777.2,0.002,115814.8,0.056
1757800372.5615315,115798.8,5.845,115801.2,3.850,115797.0,2.474,115802.9,2.888,115796.4,1.310,115803.5,1.250,115795.4,0.001,115804.7,2.068,115795.1,3.212,115804.9,0.050,115793.0,1.488,115806.7,6.095,115790.8,4.693,115808.7,0.004,115788.9,0.056,115808.8,7.117,115786.7,0.056,115809.7,0.004,115786.6,0.002,115810.6,0.056,115784.5,0.056,115811.3,0.005,115782.6,6.704,115811.6,0.020,115780.6,6.180,115812.3,0.020,115778.5,0.876,115812.6,0.020,115777.2,0.002,115812.7,0.056
1757800372.861942,115798.8,5.845,115801.2,4.138,115797.0,2.474,115802.9,0.040,115796.4,1.310,115803.5,1.250,115795.4,0.001,115804.9,0.090,115795.1,3.212,115806.9,1.076,115793.0,1.488,115808.6,2.258,115790.8,4.693,115808.7,0.004,115788.9,0.056,115809.7,0.004,115786.7,0.056,115810.7,2.496,115786.6,0.002,115811.3,0.005,115784.5,0.056,115811.6,0.020,115782.6,6.704,115812.3,0.020,115780.6,6.180,115812.6,0.020,115778.5,0.876,115812.7,2.806,115777.2,0.002,115814.5,7.867
1757800372.9623055,115798.8,4.356,115801.2,4.138,115797.0,0.040,115802.9,0.040,115796.4,1.310,115803.5,1.250,115795.4,0.001,115804.9,0.090,115794.9,0.040,115806.9,1.076,115792.8,1.200,115808.6,2.258,115791.0,2.865,115808.7,0.004,115788.8,4.059,115809.7,0.004,115786.7,3.453,115810.7,2.496,115786.6,0.002,115811.3,0.005,115784.8,0.621,115811.6,0.020,115783.0,5.328,115812.3,0.020,115781.1,0.040,115812.6,0.020,115778.9,3.085,115812.7,2.806,115777.2,0.002,115814.5,7.867
1757800373.7626722,115798.8,4.356,115801.2,4.138,115797.0,0.040,115802.9,0.040,115796.4,1.310,115803.5,1.250,115795.4,0.001,115804.9,0.090,115794.9,0.040,115806.9,1.076,115792.8,1.200,115808.6,2.258,115791.0,2.865,115808.7,0.006,115788.8,4.059,115809.7,0.004,115786.7,3.453,115810.7,2.496,115786.6,0.002,115811.3,0.005,115784.8,0.621,115811.6,0.020,115783.0,5.328,115812.3,0.020,115781.1,0.040,115812.6,0.020,115778.9,3.085,115812.7,2.806,115777.2,0.002,115814.5,7.867
1757800375.1613793,115798.8,4.356,115801.2,3.363,115797.0,0.040,115802.9,3.421,115796.4,1.310,115803.5,1.250,115795.4,0.001,115804.9,0.050,115794.9,0.040,115805.0,0.072,115792.8,1.200,115807.1,3.113,115791.0,2.865,115808.7,0.006,115788.8,4.059,115809.2,4.699,115786.7,3.453,115809.7,0.004,115786.6,0.002,115811.1,0.809,115784.8,0.621,115811.3,0.005,115783.0,5.328,115811.6,0.020,115781.1,0.040,115812.3,0.020,115778.9,3.085,115812.6,0.020,115777.2,0.002,115813.1,0.072
1757800375.2786372,115798.8,2.132,115801.2,3.363,115797.0,7.617,115802.9,3.421,115796.4,1.310,115803.5,1.250,115795.4,0.001,115804.9,0.050,115794.8,0.072,115805.0,0.072,115792.6,2.015,115807.1,3.113,115790.4,6.440,115808.7,0.006,115788.4,1.179,115809.2,4.699,115786.6,0.002,115809.7,0.004,115786.3,0.072,115811.1,0.809,115784.2,3.415,115811.3,0.005,115782.0,3.023,115811.6,0.020,115779.8,0.072,115812.3,0.020,115777.7,4.633,115813.1,0.072,115777.2,0.002,115815.1,4.677
1757800375.6625795,115798.8,2.132,115801.2,3.363,115797.0,7.617,115802.9,3.421,115796.4,1.310,115803.5,1.250,115795.4,0.001,115804.9,0.050,115794.8,0.072,115805.0,0.072,115792.6,2.015,115807.1,3.113,115790.4,6.440,115808.7,0.002,115788.4,1.179,115809.2,4.699,115786.6,0.002,115811.1,0.809,115786.3,0.072,115811.3,0.005,115784.2,3.415,115811.6,0.020,115782.0,3.023,115812.3,0.020,115779.8,0.072,115813.1,0.072,115777.7,4.633,115815.1,4.677,115777.2,0.002,115817.2,6.823
1757800376.160431,115798.8,2.132,115801.2,3.363,115797.0,7.617,115802.9,3.421,115796.4,1.310,115803.5,1.250,115795.4,0.001,115805.0,0.072,115794.8,0.072,115807.1,3.113,115792.6,2.015,115808.7,0.002,115790.4,6.440,115809.2,4.699,115788.4,1.179,115811.1,0.809,115786.6,0.002,115811.3,0.005,115786.3,0.072,115811.6,0.020,115784.2,3.415,115812.3,0.020,115782.0,3.023,115813.1,0.072,115779.8,0.072,115815.1,4.677,115777.7,4.633,115817.2,6.823,115777.2,0.002,115819.3,0.072
1757800376.3605714,115798.8,2.132,115801.2,3.363,115797.0,7.617,115802.9,3.421,115796.4,1.310,115803.5,1.250,115795.4,0.001,115805.0,0.072,115794.8,0.072,115807.1,3.113,115792.6,2.015,115808.7,0.002,115790.4,6.440,115809.2,4.699,115788.4,1.179,115811.1,0.809,115786.6,0.002,115811.3,0.005,115786.3,0.072,115811.6,0.040,115784.2,3.415,115812.3,0.020,115782.0,3.023,115813.1,0.072,115779.8,0.072,115815.1,4.677,115777.7,4.633,115817.2,6.823,115777.2,0.002,115819.3,0.072
1757800377.462785,115798.8,2.132,115801.2,0.072,115797.0,7.617,115802.9,0.458,115796.4,1.310,115803.5,1.250,115795.4,0.001,115804.7,6.137,115794.8,0.072,115806.8,0.602,115792.6,2.015,115808.6,4.889,115790.4,6.440,115808.7,0.002,115788.4,1.179,115810.7,4.984,115786.6,0.002,115811.3,0.005,115786.3,0.072,115811.6,0.040,115784.2,3.415,115812.3,0.020,115782.0,3.023,115812.6,0.072,115779.8,0.072,115814.6,7.878,115777.7,4.633,115816.3,1.062,115777.2,0.002,115818.4,0.072
1757800377.561362,115798.8,0.072,115801.2,0.072,115797.0,2.848,115802.9,0.458,115796.4,1.310,115803.5,1.250,115795.4,0.001,115804.7,6.137,115795.1,1.340,115806.8,0.602,115792.9,0.929,115808.6,4.889,115791.0,2.916,115808.7,0.002,115788.8,1.489,115810.7,4.984,115786.8,0.072,115811.3,0.005,115786.6,0.002,115811.6,0.040,115784.7,4.477,115812.3,0.020,115782.9,6.900,115812.6,0.072,115780.7,0.072,115814.6,7.878,115778.5,7.382,115816.3,1.062,115777.2,0.002,115818.4,0.072
1757800377.8653073,115798.8,0.072,115801.2,0.072,115797.0,2.848,115802.9,0.458,115796.4,1.310,115803.5,1.250,115795.4,0.001,115804.7,6.137,115795.1,1.340,115806.8,0.602,115792.9,0.929,115808.6,4.889,115791.0,2.916,115810.7,4.984,115788.8,1.489,115811.3,0.005,115786.8,0.072,115811.6,0.040,115786.6,0.002,115812.3,0.020,115784.7,4.477,115812.6,0.072,115782.9,6.900,115814.6,7.878,115780.7,0.072,115816.3,1.062,115778.5,7.382,115818.4,0.072,115777.2,0.002,115820.5,3.801
1757800378.5605454,115798.8,0.072,115801.2,0.072,115797.0,2.848,115802.9,0.458,115796.4,1.310,115803.5,1.250,115795.4,0.001,115804.7,6.137,115795.1,1.340,115806.8,0.602,115792.9,0.929,115808.6,4.889,115791.0,2.916,115810.7,4.984,115788.8,1.489,115811.3,0.005,115786.8,0.072,115811.6,0.040,115786.6,0.002,115812.3,0.020,115784.7,4.477,115812.6,0.072,115782.9,6.900,115814.6,7.878,115780.8,0.002,115816.3,1.062,115780.7,0.072,115818.4,0.072,115778.5,7.382,115820.5,3.801
1757800379.4651532,115798.8,0.072,115801.2,0.072,115797.0,2.848,115802.9,0.458,115796.4,1.310,115803.5,1.250,115795.4,0.001,115804.7,6.137,115795.1,1.340,115806.8,0.602,115792.9,0.929,115808.6,4.889,115791.0,2.916,115810.7,4.984,115788.8,1.489,115811.3,0.005,115786.8,0.072,115811.6,0.040,115786.6,0.002,115812.3,0.020,115784.7,4.477,115812.6,0.072,115782.9,6.900,115814.6,7.878,115780.8,0.002,115816.3,1.062,115780.7,0.074,115818.4,0.072,115778.5,7.382,115820.5,3.801
1757800379.5602803,115798.8,0.077,115801.2,0.072,115797.0,2.848,115802.9,0.458,115796.4,1.310,115803.5,1.250,115795.4,0.001,115804.7,6.137,115795.1,1.340,115806.8,0.602,115792.9,0.929,115808.6,4.889,115791.0,2.916,115810.7,4.984,115788.8,1.489,115811.3,0.005,115786.8,0.072,115811.6,0.040,115786.6,0.002,115812.3,0.020,115784.7,4.477,115812.6,0.072,115782.9,6.900,115814.6,7.878,115780.8,0.002,115816.3,1.062,115780.7,0.074,115818.4,0.072,115778.5,7.382,115820.5,3.801
1757800379.7652009,115798.8,0.077,115801.2,0.104,115797.0,2.848,115802.9,8.345,115796.4,1.310,115803.5,2.500,115795.4,0.001,115804.7,6.137,115795.1,1.340,115804.9,0.262,115792.9,0.929,115806.8,0.602,115791.0,2.916,115806.9,6.234,115788.8,1.489,115808.6,4.889,115786.8,0.072,115808.9,0.985,115786.6,0.002,115810.6,0.691,115784.7,4.477,115810.7,4.984,115782.9,6.900,115811.3,0.005,115780.8,0.002,115811.6,0.040,115780.7,0.074,115812.3,0.020,115778.5,7.382,115812.5,0.742
1757800379.8844938,115798.8,0.077,115801.2,0.032,115797.0,2.848,115802.9,7.887,115796.4,1.310,115803.5,1.250,115795.4,0.001,115804.9,0.262,115795.1,1.340,115806.9,6.234,115792.9,0.929,115808.9,0.985,115791.0,2.916,115810.6,0.691,115788.8,1.489,115811.3,0.005,115786.8,0.072,115811.6,0.040,115786.6,0.002,115812.3,0.020,115784.7,4.477,115812.5,0.742,115782.9,6.900,115814.2,4.222,115780.8,0.002,115816.3,0.032,115780.7,0.074,115818.1,0.032,115778.5,7.382,115820.1,0.593
1757800379.961173,115798.8,0.037,115801.2,0.032,115797.0,3.848,115802.9,7.887,115796.4,1.310,115803.5,1.250,115795.4,0.001,115804.9,0.262,115794.9,2.990,115806.9,6.234,115792.8,6.717,115808.9,0.985,115790.7,3.890,115810.6,0.691,115788.9,0.907,115811.3,0.005,115786.9,2.702,115811.6,0.040,115786.6,0.002,115812.3,0.020,115785.1,6.783,115812.5,0.742,115782.9,0.032,115814.2,4.222,115781.0,0.032,115816.3,0.032,115780.8,0.002,115818.1,0.032,115780.7,0.002,115820.1,0.593
1757800380.4616275,115798.8,0.037,115801.2,0.032,115797.0,3.848,115802.9,7.887,115796.4,1.310,115803.5,1.250,115795.4,0.001,115804.6,0.050,115794.9,2.990,115804.9,0.262,115792.8,6.717,115806.9,6.234,115790.7,3.890,115808.9,0.985,115788.9,0.907,115810.6,0.691,115786.9,2.702,115811.3,0.005,115786.6,0.002,115811.6,0.040,115785.1,6.783,115812.3,0.020,115782.9,0.032,115812.5,0.742,115781.0,0.032,115814.2,4.222,115780.8,0.002,115816.3,0.032,115780.7,0.002,115818.1,0.032
1757800382.262986,115798.8,0.037,115801.2,8.025,115797.0,3.848,115802.9,6.626,115796.4,1.310,115803.5,1.250,115795.4,0.001,115804.6,7.773,115794.9,2.990,115806.3,4.348,115792.8,6.717,115808.0,5.981,115790.7,3.890,115809.7,0.842,115788.9,0.907,115811.3,0.005,115786.9,2.702,115811.6,0.040,115786.6,0.002,115811.7,0.056,115785.1,6.783,115812.3,0.020,115782.9,0.032,115813.6,0.056,115781.0,0.032,115815.7,5.875,115780.8,0.002,115817.6,0.056,115780.7,0.002,115819.3,0.247
1757800382.4682844,115798.8,6.931,115801.2,8.025,115797.0,4.171,115802.9,6.626,115796.4,1.310,115803.5,1.250,115795.4,0.001,115804.6,7.773,115795.2,2.260,115806.3,4.348,115793.4,4.818,115808.0,5.981,115791.6,0.480,115809.7,0.842,115789.8,7.532,115811.3,0.005,115787.7,0.056,115811.6,0.040,115786.6,0.002,115811.7,0.056,115785.7,0.056,115812.3,0.020,115783.5,3.354,115813.6,0.056,115781.5,0.056,115815.7,5.875,115780.8,0.002,115817.6,0.056,115780.7,0.002,115819.3,0.247
1757800382.6613905,115798.8,6.931,115801.2,8.025,115797.0,4.171,115802.9,6.626,115796.4,1.310,115803.5,1.250,115795.4,0.001,115804.6,7.773,115795.2,2.260,115806.3,4.348,115793.4,4.818,115808.0,5.981,115791.6,0.480,115809.7,0.842,115789.8,7.532,115811.3,0.005,115787.7,0.056,115811.6,0.040,115786.6,0.002,115811.7,0.056,115785.7,0.056,115812.3,0.020,115783.5,3.354,115813.6,0.056,115781.5,0.056,115815.7,5.875,115780.7,0.002,115817.6,0.056,115779.7,7.340,115819.3,0.247
1757800382.9605966,115798.8,6.931,115801.2,8.025,115797.0,4.171,115802.9,6.626,115796.4,1.310,115803.5,1.250,115795.4,0.001,115804.6,7.773,115795.2,2.260,115806.3,4.348,115793.4,4.818,115808.0,5.981,115791.6,0.480,115809.7,0.842,115789.8,7.532,115811.3,0.005,115787.7,0.056,115811.6,0.040,115786.6,0.002,115811.7,0.056,115785.7,0.056,115812.3,0.020,115783.5,3.354,115813.6,0.056,115781.5,0.056,115815.7,5.875,115779.7,7.340,115817.6,0.056,115777.6,7.548,115819.3,0.247
1757800383.2793124,115798.8,6.931,115801.2,8.025,115797.0,4.171,115802.9,6.626,115796.4,1.310,115803.5,1.250,115795.4,0.001,115804.6,7.773,115795.2,2.260,115806.3,4.348,115793.4,4.818,115808.0,5.981,115791.6,0.480,115809.7,0.842,115789.8,7.532,115810.2,0.004,115787.7,0.056,115811.3,0.005,115786.6,0.002,115811.6,0.040,115785.7,0.056,115811.7,0.056,115783.5,3.354,115812.3,0.020,115781.5,0.056,115813.6,0.056,115779.7,7.340,115815.7,5.875,115777.6,7.548,115817.6,0.056
1757800383.5628319,115798.8,6.931,115801.2,8.025,115797.0,4.171,115802.9,6.626,115796.4,1.310,115803.5,1.250,115795.4,0.001,115804.6,7.723,115795.2,2.260,115806.3,4.348,115793.4,4.818,115808.0,5.981,115791.6,0.480,115809.7,0.842,115789.8,7.532,115810.2,0.004,115787.7,0.056,115811.3,0.005,115786.6,0.002,115811.6,0.040,115785.7,0.056,115811.7,0.056,115783.5,3.354,115812.3,0.020,115781.5,0.056,115813.6,0.056,115779.7,7.340,115815.7,5.875,115777.6,7.548,115817.6,0.056
1757800383.961596,115798.8,6.931,115801.2,8.025,115797.0,4.171,115802.9,6.626,115796.4,1.310,115803.5,1.250,115795.4,0.001,115804.6,7.723,115795.2,2.260,115806.3,4.348,115793.4,4.818,115808.0,5.981,115791.6,0.480,115809.7,0.842,115789.8,7.532,115810.2,0.004,115787.7,0.056,115811.3,0.005,115786.6,0.002,115811.6,0.040,115785.7,0.056,115811.7,0.056,115783.5,3.354,115812.3,0.020,115781.5,0.056,115813.6,0.056,115780.8,0.002,115815.7,5.875,115779.7,7.340,115817.6,0.056
1757800384.660513,115798.8,6.931,115801.2,0.016,115797.0,4.171,115802.9,6.291,115796.4,1.310,115803.5,1.250,115795.4,0.001,115804.8,0.016,115795.2,2.260,115806.6,5.518,115793.4,4.818,115808.6,0.257,115791.6,0.480,115810.2,0.004,115789.8,7.532,115810.4,6.470,115787.7,0.056,115811.3,0.005,115786.6,0.002,115811.6,0.040,115785.7,0.056,115812.3,0.036,115783.5,3.354,115814.4,5.563,115781.5,0.056,115816.3,2.142,115780.8,0.002,115818.3,4.165,115779.7,7.340,115820.4,5.395
1757800384.761154,115798.8,6.947,115801.2,0.016,115797.0,8.802,115802.9,6.291,115796.4,2.560,115803.5,1.250,115795.4,0.001,115804.8,0.016,115795.2,2.260,115806.6,5.518,115795.0,0.016,115808.6,0.257,115793.4,4.818,115810.2,0.004,115793.1,5.147,115810.4,6.470,115791.6,0.480,115811.3,0.005,115791.0,1.566,115811.6,0.040,115789.8,7.532,115812.3,0.036,115789.1,1.736,115814.4,5.563,115787.7,0.056,115816.3,2.142,115787.1,0.016,115818.3,4.165,115786.6,0.002,115820.4,5.395
1757800384.8618314,115798.8,0.021,115801.2,0.016,115797.0,4.631,115802.9,6.291,115796.4,1.310,115803.5,1.250,115795.4,0.001,115804.8,0.016,115795.0,0.016,115806.6,5.518,115793.1,5.147,115808.6,0.257,115791.0,1.566,115810.2,0.004,115789.1,1.736,115810.4,6.470,115787.1,0.016,115811.3,0.005,115786.6,0.002,115811.6,0.040,115784.9,3.305,115812.3,0.036,115782.9,0.835,115814.4,5.563,115780.8,4.937,115816.3,2.142,115780.7,0.002,115818.3,4.165,115778.6,3.057,115820.4,5.395
1757800384.962566,115798.8,0.021,115801.2,0.016,115797.0,4.631,115802.9,6.291,115796.4,1.310,115803.5,1.250,115795.4,0.001,115804.8,0.016,115795.0,0.016,115806.2,0.050,115793.1,5.147,115806.6,5.518,115791.0,1.566,115808.6,0.257,115789.1,1.736,115810.2,0.004,115787.1,0.016,115810.4,6.470,115786.6,0.002,115811.3,0.005,115784.9,3.305,115811.6,0.040,115782.9,0.835,115812.3,0.036,115780.8,4.937,115814.4,5.563,115780.7,0.002,115816.3,2.142,115778.6,3.057,115818.3,4.165
1757800386.8625774,115798.8,0.021,115801.2,0.016,115797.0,4.631,115802.9,6.291,115796.4,1.310,115803.5,1.250,115795.4,0.001,115804.8,0.016,115795.0,0.016,115806.2,0.050,115793.1,5.147,115806.6,5.518,115791.0,1.566,115808.6,0.257,115789.1,1.736,115810.4,6.470,115787.1,0.016,115811.3,0.005,115786.6,0.002,115811.6,0.040,115784.9,3.305,115812.3,0.036,115782.9,0.835,115814.4,5.563,115780.8,4.937,115816.3,2.142,115780.7,0.002,115818.3,4.165,115778.6,3.057,115820.4,5.395
1757800387.0643497,115798.8,0.021,115801.2,0.024,115797.0,4.631,115802.9,3.748,115796.4,1.310,115803.5,1.250,115795.4,0.001,115804.6,2.248,115795.0,0.016,115806.2,0.050,115793.1,5.147,115806.3,0.463,115791.0,1.566,115808.3,0.024,115789.1,1.736,115810.0,5.174,115787.1,0.016,115811.3,0.005,115786.6,0.002,115811.6,0.040,115784.9,3.305,115812.0,7.834,115782.9,0.835,115812.3,0.020,115780.8,4.937,115814.0,0.024,115780.7,0.002,115815.9,1.363,115778.6,3.057,115817.8,1.794
1757800387.2768667,115798.8,0.029,115801.2,0.024,115797.0,3.568,115802.9,3.748,115796.4,1.310,115803.5,1.250,115795.4,0.001,115804.6,2.248,115795.2,2.768,115806.2,0.050,115793.4,5.736,115806.3,0.463,115791.3,0.024,115808.3,0.024,115789.5,1.001,115810.0,5.174,115787.4,4.214,115811.3,0.005,115786.6,0.002,115811.6,0.040,115785.3,0.024,115812.0,7.834,115785.1,0.002,115812.3,0.020,115783.3,5.123,115814.0,0.024,115781.3,5.046,115815.9,1.363,115780.8,0.002,115817.8,1.794
1757800387.3629243,115798.8,0.029,115801.2,0.024,115797.0,3.568,115802.9,3.748,115796.4,1.310,115803.5,1.250,115795.4,0.001,115804.6,2.248,115795.2,2.768,115806.2,0.050,115793.4,5.736,115806.3,0.463,115791.3,0.024,115808.3,0.024,115789.5,1.001,115810.0,5.174,115787.4,4.214,115811.3,0.005,115786.6,0.002,115811.6,0.040,115785.3,0.024,115812.0,7.834,115785.1,0.002,115812.3,0.020,115783.3,5.123,115814.0,0.024,115781.3,5.046,115815.9,1.363,115780.7,0.002,115817.8,1.794
1757800387.765169,115798.8,0.029,115801.2,0.024,115797.0,3.568,115802.9,3.748,115796.4,1.310,115803.5,1.250,115795.4,0.001,115804.6,2.248,115795.2,2.768,115806.2,0.050,115793.4,5.736,115806.3,0.463,115791.3,0.024,115808.3,0.024,115789.5,1.001,115810.0,5.174,115787.4,4.214,115811.3,0.005,115786.6,0.002,115811.6,0.040,115785.3,0.024,115812.0,7.834,115785.1,0.002,115812.3,0.020,115783.3,5.123,115814.0,0.024,115781.3,5.046,115815.9,1.363,115779.3,7.497,115817.8,1.794
1757800389.4636173,115798.8,0.029,115801.2,0.048,115797.0,3.568,115802.9,3.065,115796.4,1.310,115803.5,1.250,115795.4,0.001,115805.0,5.614,115795.2,2.768,115806.2,0.050,115793.4,5.736,115806.9,2.726,115791.3,0.024,115808.6,6.877,115789.5,1.001,115810.2,0.004,115787.4,4.214,115810.6,0.048,115786.6,0.002,115811.3,0.005,115785.3,0.024,115811.6,0.040,115785.1,0.002,115812.3,0.020,115783.3,5.123,115812.4,0.048,115781.3,5.046,115814.3,3.623,115779.3,7.497,115816.2,2.739
1757800389.5617445,115798.8,0.053,115801.2,0.048,115797.0,2.575,115802.9,3.065,115796.4,1.310,115803.5,1.250,115795.4,0.001,115805.0,5.614,115794.8,6.437,115806.2,0.050,115792.8,1.981,115806.9,2.726,115791.0,3.889,115808.6,6.877,115788.9,0.048,115810.2,0.004,115787.0,0.048,115810.6,0.048,115786.6,0.002,115811.3,0.005,115785.1,0.002,115811.6,0.040,115785.0,6.044,115812.3,0.020,115783.0,7.279,115812.4,0.048,115780.9,2.485,115814.3,3.623,115779.1,7.828,115816.2,2.739
1757800389.8631616,115798.8,0.053,115801.2,0.048,115797.0,2.575,115802.9,3.065,115796.4,1.310,115803.5,1.250,115795.4,0.001,115805.0,5.614,115794.8,6.437,115806.2,0.050,115792.8,1.981,115806.9,2.726,115791.0,3.889,115808.6,6.877,115788.9,0.048,115810.2,0.004,115787.0,0.048,115810.6,0.048,115786.6,0.002,115811.3,0.005,115785.0,6.044,115811.6,0.040,115783.0,7.279,115812.3,0.020,115780.9,2.485,115812.4,0.048,115779.1,7.828,115814.3,3.623,115777.2,0.002,115816.2,2.739
1757800390.2627864,115798.8,0.053,115801.2,0.048,115797.0,2.575,115802.9,3.065,115796.4,1.310,115803.5,1.250,115795.4,0.001,115805.0,5.614,115794.8,6.437,115806.2,0.050,115792.8,1.981,115806.9,2.726,115791.0,3.889,115808.6,6.877,115788.9,0.048,115810.2,0.004,115787.0,0.048,115810.6,0.048,115786.6,0.002,115811.3,0.005,115785.0,6.044,115811.6,0.060,115783.0,7.279,115812.3,0.020,115780.9,2.485,115812.4,0.048,115779.1,7.828,115814.3,3.623,115777.2,0.002,115816.2,2.739
1757800390.4658883,115798.8,0.053,115801.2,0.048,115797.0,2.575,115802.9,3.065,115796.4,1.310,115803.5,1.250,115795.4,0.001,115805.0,5.614,115794.8,6.437,115806.1,0.004,115792.8,1.981,115806.2,0.050,115791.0,3.889,115806.9,2.726,115788.9,0.048,115808.6,6.877,115787.0,0.048,115810.2,0.004,115786.6,0.002,115810.6,0.048,115785.0,6.044,115811.3,0.005,115783.0,7.279,115811.6,0.060,115780.9,2.485,115812.3,0.020,115779.1,7.828,115812.4,0.048,115777.2,0.002,115814.3,3.623
1757800390.964406,115798.8,0.005,115801.2,0.048,115797.0,2.575,115802.9,3.065,115796.4,0.060,115803.5,1.250,115796.3,1.250,115805.0,5.614,115795.4,0.001,115806.1,0.004,115794.8,6.437,115806.2,0.050,115792.8,1.981,115806.9,2.726,115791.0,3.889,115808.6,6.877,115788.9,0.048,115810.2,0.004,115787.0,0.048,115810.6,0.048,115786.6,0.002,115811.3,0.005,115785.0,6.044,115811.6,0.060,115783.0,7.279,115812.3,0.020,115780.9,2.485,115812.4,0.048,115779.1,7.828,115814.3,3.623
1757800391.0607808,115798.8,0.005,115800.8,10.589,115798.4,6.269,115801.1,7.416,115797.0,2.575,115801.2,0.048,115796.4,0.060,115802.9,3.065,115796.0,1.250,115803.1,1.250,115795.4,0.001,115805.0,5.614,115794.8,6.437,115806.1,0.004,115792.8,1.981,115806.2,0.050,115791.0,3.889,115806.9,2.726,115788.9,0.048,115808.6,6.877,115787.0,0.048,115810.2,0.004,115786.6,0.002,115810.6,0.048,115785.0,6.044,115811.3,0.005,115783.0,7.279,115811.6,0.060,115780.9,2.485,115812.3,0.020
1757800391.4607282,115798.8,0.005,115800.8,10.589,115798.4,6.269,115801.1,7.416,115797.0,2.575,115801.2,0.048,115796.4,0.060,115802.9,3.065,115796.0,1.250,115803.1,1.250,115795.4,0.001,115805.0,5.614,115794.8,6.437,115806.1,0.004,115792.8,1.981,115806.9,2.726,115791.0,3.889,115808.6,6.877,115788.9,0.048,115810.2,0.004,115787.0,0.048,115810.6,0.048,115786.6,0.002,115811.3,0.005,115785.0,6.044,115811.6,0.060,115783.0,7.279,115812.3,0.020,115780.9,2.485,115812.4,0.048
1757800392.9618926,115798.8,0.005,115800.8,10.589,115798.4,6.269,115801.1,7.416,115797.0,2.575,115801.2,0.048,115796.4,0.060,115802.9,3.065,115796.0,1.250,115803.1,1.250,115795.4,0.001,115805.0,5.614,115794.8,6.437,115806.1,0.004,115792.8,1.981,115806.9,2.726,115791.0,3.889,115808.6,6.877,115788.9,0.048,115810.6,0.048,115787.0,0.048,115811.3,0.005,115786.6,0.002,115811.6,0.060,115785.0,6.044,115812.3,0.020,115783.0,7.279,115812.4,0.048,115780.9,2.485,115814.3,3.623
1757800393.1615856,115798.8,0.005,115800.8,0.877,115798.4,6.269,115802.5,0.056,115797.0,2.575,115803.1,1.250,115796.4,0.060,115804.3,4.854,115796.0,1.250,115806.1,0.004,115795.4,0.001,115806.4,0.056,115794.8,6.437,115808.2,2.127,115792.8,1.981,115809.9,0.056,115791.0,3.889,115811.3,0.005,115788.9,0.048,115811.6,0.060,115787.0,0.048,115811.7,2.906,115786.6,0.002,115812.3,0.020,115785.0,6.044,115813.4,4.359,115783.0,7.279,115815.1,5.951,115780.9,2.485,115816.8,7.774
1757800393.3608928,115798.8,0.005,115800.8,0.877,115798.4,12.875,115802.5,0.056,115796.6,0.056,115803.1,1.250,115796.4,0.060,115804.3,4.854,115796.0,1.250,115806.4,0.056,115795.4,0.001,115808.2,2.127,115794.7,6.107,115809.9,0.056,115792.5,0.056,115811.3,0.005,115790.6,6.342,115811.6,0.060,115788.8,0.056,115811.7,2.906,115786.9,1.502,115812.3,0.020,115786.6,0.002,115813.4,4.359,115785.1,4.016,115815.1,5.951,115783.3,6.302,115816.8,7.774,115781.5,3.266,115818.5,1.974
1757800394.359468,115798.8,0.005,115800.8,0.877,115798.4,12.875,115802.5,0.056,115796.6,0.056,115802.8,0.050,115796.4,0.060,115803.1,1.250,115796.0,1.250,115804.3,4.854,115795.4,0.001,115806.4,0.056,115794.7,6.107,115808.2,2.127,115792.5,0.056,115809.9,0.056,115790.6,6.342,115811.3,0.005,115788.8,0.056,115811.6,0.060,115786.9,1.502,115811.7,2.906,115786.6,0.002,115812.3,0.020,115785.1,4.016,115813.4,4.359,115783.3,6.302,115815.1,5.951,115781.5,3.266,115816.8,7.774
1757800395.3622618,115798.8,0.005,115800.8,7.697,115798.4,12.875,115802.5,3.720,115796.6,0.056,115802.8,0.050,115796.4,0.060,115803.1,1.250,115796.0,1.250,115804.2,0.056,115795.4,0.001,115806.2,6.847,115794.7,6.107,115807.9,0.241,115792.5,0.056,115810.0,0.056,115790.6,6.342,115811.3,0.005,115788.8,0.056,115811.6,0.060,115786.9,1.502,115812.1,6.759,115786.6,0.002,115812.3,0.020,115785.1,4.016,115814.1,0.056,115783.3,6.302,115816.2,5.153,115781.5,3.266,115818.3,3.048
1757800395.4619634,115798.8,0.005,115800.8,7.666,115798.4,12.875,115802.5,3.720,115796.6,0.056,115802.8,0.050,115796.4,0.060,115803.1,1.250,115796.0,1.250,115804.2,0.056,115795.4,0.001,115806.2,6.847,115794.7,6.107,115807.9,0.241,115792.5,0.056,115810.0,0.056,115790.6,6.342,115811.3,0.005,115788.8,0.056,115811.6,0.060,115786.9,1.502,115812.1,6.759,115786.6,0.002,115812.3,0.020,115785.1,4.016,115814.1,0.056,115783.3,6.302,115816.2,5.153,115781.5,3.266,115818.3,3.048
1757800395.5602713,115798.8,0.005,115800.8,7.666,115798.4,15.595,115802.5,3.720,115796.6,2.336,115802.8,0.050,115796.4,0.060,115803.1,1.250,115796.0,1.250,115804.2,0.056,115795.4,0.001,115806.2,6.847,115794.8,0.056,115807.9,0.241,115792.7,5.545,115810.0,0.056,115790.9,7.102,115811.3,0.005,115788.7,0.056,115811.6,0.060,115786.6,0.002,115812.1,6.759,115786.5,3.051,115812.3,0.020,115784.4,0.056,115814.1,0.056,115782.2,5.230,115816.2,5.153,115780.0,4.587,115818.3,3.048
1757800397.6609256,115798.8,0.005,115800.8,1.289,115798.4,15.595,115802.5,4.989,115796.6,2.336,115802.8,0.050,115796.4,0.060,115803.1,1.250,115796.0,1.250,115804.2,1.206,115795.4,0.001,115806.2,0.285,115794.8,0.056,115807.9,0.016,115792.7,5.545,115809.8,0.607,115790.9,7.102,115811.3,0.005,115788.7,0.056,115811.5,2.729,115786.6,0.002,115811.6,0.060,115786.5,3.051,115812.3,0.020,115784.4,0.056,115813.3,0.016,115782.2,5.230,115815.4,3.112,115780.0,4.587,115817.3,0.016
1757800397.7607536,115798.8,0.005,115800.8,1.289,115798.4,12.568,115802.5,4.989,115796.6,0.580,115802.8,0.050,115796.4,0.060,115803.1,1.250,115796.0,1.250,115804.2,1.206,115795.4,0.001,115806.2,0.285,115794.8,1.148,115807.9,0.016,115792.7,0.350,115809.8,0.607,115790.9,0.016,115811.3,0.005,115788.9,3.330,115811.5,2.729,115787.1,4.951,115811.6,0.060,115786.6,0.002,115812.3,0.020,115785.2,0.016,115813.3,0.016,115783.0,1.738,115815.4,3.112,115781.0,0.016,115817.3,0.016
1757800398.2679853,115798.8,0.005,115800.8,1.289,115798.4,12.568,115802.5,4.989,115796.6,0.580,115803.1,1.250,115796.4,0.060,115804.2,1.206,115796.0,1.250,115806.2,0.285,115795.4,0.001,115807.9,0.016,115794.8,1.148,115809.8,0.607,115792.7,0.350,115811.3,0.005,115790.9,0.016,115811.5,2.729,115788.9,3.330,115811.6,0.060,115787.1,4.951,115812.3,0.020,115786.6,0.002,115813.3,0.016,115785.2,0.016,115815.4,3.112,115783.0,1.738,115817.3,0.016,115781.0,0.016,115819.2,1.835
1757800399.1628542,115798.8,0.005,115800.8,1.289,115798.4,12.568,115802.5,4.989,115796.7,0.050,115803.1,1.250,115796.6,0.580,115804.2,1.206,115796.4,0.060,115806.2,0.285,115796.0,1.250,115807.9,0.016,115795.4,0.001,115809.8,0.607,115794.8,1.148,115811.3,0.005,115792.7,0.350,115811.5,2.729,115790.9,0.016,115811.6,0.060,115788.9,3.330,115812.3,0.020,115787.1,4.951,115813.3,0.016,115786.6,0.002,115815.4,3.112,115785.2,0.016,115817.3,0.016,115783.0,1.738,115819.2,1.835
1757800399.9617987,115798.8,0.005,115800.8,11.538,115798.4,12.568,115802.5,0.056,115796.7,0.050,115803.1,1.250,115796.6,0.580,115804.6,7.549,115796.4,0.060,115806.6,0.056,115796.0,1.250,115808.6,5.642,115795.4,0.001,115810.3,1.197,115794.8,1.148,115811.3,0.005,115792.7,0.350,115811.6,0.060,115790.9,0.016,115812.1,7.675,115788.9,3.330,115812.3,0.020,115787.1,4.951,115814.2,1.340,115786.6,0.002,115816.0,0.056,115785.2,0.016,115817.7,3.727,115783.0,1.738,115819.8,4.545
1757800400.1091015,115798.8,0.005,115800.8,11.538,115798.4,7.963,115802.5,0.056,115796.7,0.050,115803.1,1.250,115796.6,0.056,115804.6,7.549,115796.4,0.060,115806.6,0.056,115796.0,1.250,115808.6,5.642,115795.4,0.001,115810.3,1.197,115794.4,0.307,115811.3,0.005,115792.3,0.056,115811.6,0.060,115790.2,2.383,115812.1,7.675,115788.4,7.913,115812.3,0.020,115786.6,0.002,115814.2,1.340,115786.5,2.548,115816.0,0.056,115784.3,7.607,115817.7,3.727,115782.4,0.056,115819.8,4.545
1757800402.1611412,115798.8,0.005,115800.8,5.828,115798.4,7.963,115802.5,0.056,115796.7,0.050,115803.1,1.250,115796.6,0.056,115804.2,0.056,115796.4,0.060,115806.1,2.066,115796.0,1.250,115808.1,6.239,115795.4,0.001,115810.0,2.443,115794.4,0.307,115811.3,0.005,115792.3,0.056,115811.6,0.060,115790.2,2.383,115811.7,5.796,115788.4,7.913,115812.3,0.020,115786.6,0.002,115813.4,4.306,115786.5,2.548,115815.4,0.056,115784.3,7.607,115817.4,2.995,115782.4,0.056,115819.1,3.097
1757800402.4637365,115798.8,0.005,115800.8,5.828,115798.4,11.506,115802.5,0.056,115796.6,0.056,115803.1,1.250,115796.4,0.060,115804.2,0.056,115796.0,1.250,115806.1,2.066,115795.4,0.001,115808.1,6.239,115794.8,0.056,115810.0,2.443,115792.8,4.461,115811.3,0.005,115790.7,4.944,115811.6,0.060,115788.7,0.337,115811.7,5.796,115786.9,4.675,115812.3,0.020,115786.6,0.002,115813.4,4.306,115785.1,1.438,115815.4,0.056,115783.0,0.056,115817.4,2.995,115780.9,1.860,115819.1,3.097
1757800404.064587,115798.8,0.005,115800.1,0.016,115798.4,11.506,115800.8,5.828,115796.6,0.056,115802.5,0.056,115796.4,0.060,115803.1,1.250,115796.0,1.250,115804.2,0.056,115795.4,0.001,115806.1,2.066,115794.8,0.056,115808.1,6.239,115792.8,4.461,115810.0,2.443,115790.7,4.944,115811.3,0.005,115788.7,0.337,115811.6,0.060,115786.9,4.675,115811.7,5.796,115786.6,0.002,115812.3,0.020,115785.1,1.438,115813.4,4.306,115783.0,0.056,115815.4,0.056,115780.9,1.860,115817.4,2.995
1757800404.664074,115798.8,0.005,115800.1,0.016,115798.4,11.506,115800.8,1.740,115796.6,0.056,115802.5,2.104,115796.4,0.060,115803.1,1.250,115796.0,1.250,115804.4,0.032,115795.4,0.001,115806.1,7.596,115794.8,0.056,115808.0,0.032,115792.8,4.461,115810.0,2.287,115790.7,4.944,115811.3,0.005,115788.7,0.337,115811.6,0.060,115786.9,4.675,115811.8,3.259,115786.6,0.002,115812.3,0.020,115785.1,1.438,115813.7,0.797,115783.0,0.056,115815.6,0.032,115780.9,1.860,115817.4,5.330
1757800404.762354,115798.8,0.005,115800.1,0.016,115798.4,6.889,115800.8,1.740,115796.6,4.094,115802.5,2.104,115796.4,0.060,115803.1,1.250,115796.0,1.250,115804.4,0.032,115795.4,0.001,115806.1,7.596,115794.6,0.032,115808.0,0.032,115792.8,3.323,115810.0,2.287,115790.8,0.032,115811.3,0.005,115788.7,3.643,115811.6,0.060,115786.8,5.289,115811.8,3.259,115786.6,0.002,115812.3,0.020,115784.8,5.933,115813.7,0.797,115782.8,0.032,115815.6,0.032,115780.9,1.314,115817.4,5.330
1757800405.4643822,115798.8,0.005,115800.1,0.016,115798.5,0.050,115800.8,1.740,115798.4,6.889,115802.5,2.104,115796.6,4.094,115803.1,1.250,115796.4,0.060,115804.4,0.032,115796.0,1.250,115806.1,7.596,115795.4,0.001,115808.0,0.032,115794.6,0.032,115810.0,2.287,115792.8,3.323,115811.3,0.005,115790.8,0.032,115811.6,0.060,115788.7,3.643,115811.8,3.259,115786.8,5.289,115812.3,0.020,115786.6,0.002,115813.7,0.797,115784.8,5.933,115815.6,0.032,115782.8,0.032,115817.4,5.330
1757800407.0632021,115798.8,0.005,115800.1,0.016,115798.5,0.050,115800.8,12.051,115798.4,6.889,115802.5,0.048,115796.6,4.094,115803.1,1.250,115796.4,0.060,115804.6,5.115,115796.0,1.250,115806.4,0.048,115795.4,0.001,115808.5,0.048,115794.6,0.032,115810.4,5.432,115792.8,3.323,115811.3,0.005,115790.8,0.032,115811.6,0.060,115788.7,3.643,115812.1,6.095,115786.8,5.289,115812.3,0.020,115786.6,0.002,115814.1,3.178,115784.8,5.933,115815.8,2.353,115782.8,0.032,115817.7,1.634
1757800407.262523,115798.8,0.005,115800.1,0.016,115798.5,0.050,115800.8,12.051,115798.4,3.929,115802.5,0.048,115796.6,0.048,115803.1,1.250,115796.4,0.060,115804.6,5.115,115796.0,1.250,115806.4,0.048,115795.4,0.001,115808.5,0.048,115794.4,7.297,115810.4,5.432,115792.5,0.048,115811.3,0.005,115790.3,0.048,115811.6,0.060,115788.3,3.724,115812.1,6.095,115786.6,0.002,115812.3,0.020,115786.5,0.282,115814.1,3.178,115784.4,4.586,115815.8,2.353,115782.6,4.634,115817.7,1.634
1757800407.8632147,115798.8,0.005,115800.1,0.016,115798.4,3.929,115800.8,12.051,115796.6,0.048,115802.5,0.048,115796.4,0.060,115803.1,1.250,115796.0,1.250,115804.6,5.115,115795.4,0.001,115806.4,0.048,115794.4,7.297,115808.5,0.048,115792.5,0.048,115810.4,5.432,115790.3,0.048,115811.3,0.005,115788.3,3.724,115811.6,0.060,115786.6,0.002,115812.1,6.095,115786.5,0.282,115812.3,0.020,115784.4,4.586,115814.1,3.178,115782.6,4.634,115815.8,2.353,115780.6,0.815,115817.7,1.634
1757800408.8628008,115798.8,0.005,115800.8,12.026,115798.4,3.929,115802.5,0.048,115796.6,0.048,115803.1,1.250,115796.4,0.060,115804.6,5.115,115796.0,1.250,115806.4,0.048,115795.4,0.001,115808.5,0.048,115794.4,7.297,115810.4,5.432,115792.5,0.048,115811.3,0.005,115790.3,0.048,115811.6,0.060,115788.3,3.724,115812.1,6.095,115786.6,0.002,115812.3,0.020,115786.5,0.282,115814.1,3.178,115784.4,4.586,115815.8,2.353,115782.6,4.634,115817.7,1.634,115780.6,0.815,115819.8,2.286
1757800409.4660416,115798.8,0.005,115800.8,0.064,115798.4,3.929,115802.5,5.423,115796.6,0.048,115803.1,1.250,115796.4,0.060,115804.4,4.061,115796.0,1.250,115806.4,0.064,115795.4,0.001,115808.4,2.440,115794.4,7.297,115810.5,1.226,115792.5,0.048,115811.3,0.005,115790.3,0.048,115811.6,0.060,115788.3,3.724,115812.2,1.960,115786.6,0.002,115812.3,0.020,115786.5,0.282,115813.9,4.200,115784.4,4.586,115815.7,0.064,115782.6,4.634,115817.5,5.951,115780.6,0.815,115819.6,1.546
1757800409.5621808,115798.8,0.005,115800.8,0.064,115798.4,0.064,115802.5,5.423,115796.6,4.017,115803.1,1.250,115796.4,0.060,115804.4,4.061,115796.0,1.250,115804.5,0.050,115795.4,0.001,115806.4,0.064,115794.6,1.247,115808.4,2.440,115792.5,0.064,115810.5,1.226,115790.4,2.463,115811.3,0.005,115788.2,6.738,115811.6,0.060,115786.6,0.002,115812.2,1.960,115786.4,7.839,115812.3,0.020,115784.6,6.493,115813.9,4.200,115782.7,0.064,115815.7,0.064,115780.8,2.290,115817.5,5.951
1757800411.265296,115798.8,0.005,115800.8,0.064,115798.4,0.064,115802.5,5.423,115796.6,4.017,115803.1,1.250,115796.4,0.060,115804.4,4.061,115796.0,1.250,115806.4,0.064,115795.4,0.001,115808.4,2.440,115794.6,1.247,115810.5,1.226,115792.5,0.064,115811.3,0.005,115790.4,2.463,115811.6,0.060,115788.2,6.738,115812.2,1.960,115786.6,0.002,115812.3,0.020,115786.4,7.839,115813.9,4.200,115784.6,6.493,115815.7,0.064,115782.7,0.064,115817.5,5.951,115780.8,2.290,115819.6,1.546
1757800411.8620777,115798.8,0.005,115800.8,6.852,115798.4,0.064,115802.5,6.363,115796.6,4.017,115803.1,1.250,115796.4,0.060,115804.6,5.422,115796.0,1.250,115806.7,7.060,115795.4,0.001,115808.7,7.312,115794.6,1.247,115810.4,0.048,115792.5,0.064,115811.3,0.005,115790.4,2.463,115811.6,0.060,115788.2,6.738,115812.3,6.865,115786.6,0.002,115814.3,0.048,115786.4,7.839,115816.0,0.048,115784.6,6.493,115817.8,7.027,115782.7,0.064,115819.7,1.512,115780.8,2.290,115821.7,2.351
1757800411.9612741,115798.8,0.005,115800.8,6.852,115798.4,1.251,115802.5,6.363,115796.6,3.880,115803.1,1.250,115796.4,0.060,115804.6,5.422,115796.0,1.250,115806.7,7.060,115795.4,0.001,115808.7,7.312,115794.4,4.906,115810.4,0.048,115792.2,3.530,115811.3,0.005,115790.1,4.529,115811.6,0.060,115788.3,0.048,115812.3,6.865,115786.6,0.002,115814.3,0.048,115786.3,7.706,115816.0,0.048,115784.2,0.048,115817.8,7.027,115782.4,0.048,115819.7,1.512,115780.5,1.563,115821.7,2.351
1757800413.6604583,115798.8,0.005,115800.8,6.852,115798.4,1.251,115802.5,6.363,115796.6,3.880,115803.1,1.250,115796.4,0.060,115804.6,5.422,115796.0,1.250,115806.6,0.050,115795.4,0.001,115806.7,7.060,115794.4,4.906,115808.7,7.312,115792.2,3.530,115810.4,0.048,115790.1,4.529,115811.3,0.005,115788.3,0.048,115811.6,0.060,115786.6,0.002,115812.3,6.865,115786.3,7.706,115814.3,0.048,115784.2,0.048,115816.0,0.048,115782.4,0.048,115817.8,7.027,115780.5,1.563,115819.7,1.512
1757800414.2630477,115798.8,0.005,115800.8,0.032,115798.4,1.251,115802.5,1.038,115796.6,3.880,115803.1,1.250,115796.4,0.060,115804.5,5.232,115796.0,1.250,115806.3,0.032,115795.4,0.001,115806.6,0.050,115794.4,4.906,115808.3,6.927,115792.2,3.530,115810.0,0.032,115790.1,4.529,115811.3,0.005,115788.3,0.048,115811.6,0.060,115786.6,0.002,115811.7,5.176,115786.3,7.706,115812.3,0.020,115784.2,0.048,115813.8,1.652,115782.4,0.048,115815.8,7.236,115780.5,1.563,115817.6,6.219
1757800414.4619436,115798.8,0.005,115800.8,0.032,115798.4,0.032,115802.5,1.038,115796.6,3.147,115803.1,1.250,115796.4,0.060,115804.5,5.232,115796.0,1.250,115806.3,0.032,115795.4,0.001,115806.6,0.050,115794.5,0.207,115808.3,6.927,115792.6,0.032,115810.0,0.032,115790.5,2.228,115811.3,0.005,115788.7,0.032,115811.6,0.060,115786.9,7.595,115811.7,5.176,115786.6,0.002,115812.3,0.020,115784.7,4.656,115813.8,1.652,115782.6,6.876,115815.8,7.236,115780.7,1.254,115817.6,6.219
1757800414.564572,115798.8,0.005,115800.8,0.032,115798.4,0.032,115802.5,1.038,115796.6,3.147,115803.1,1.250,115796.4,0.060,115804.5,5.232,115796.0,1.250,115806.3,0.032,115795.4,0.001,115808.3,6.927,115794.5,0.207,115810.0,0.032,115792.6,0.032,115811.3,0.005,115790.5,2.228,115811.6,0.060,115788.7,0.032,115811.7,5.176,115786.9,7.595,115812.3,0.020,115786.6,0.002,115813.8,1.652,115784.7,4.656,115815.8,7.236,115782.6,6.876,115817.6,6.219,115780.7,1.254,115819.7,6.223
1757800415.0613532,115798.8,0.005,115800.8,0.032,115798.4,0.032,115802.5,1.038,115796.6,3.147,115803.1,1.250,115796.4,0.060,115804.5,5.232,115796.0,1.250,115806.3,0.032,115795.4,0.001,115808.3,6.927,115794.5,0.207,115810.0,0.032,115792.6,0.032,115811.3,0.005,115790.5,2.228,115811.6,0.060,115788.7,0.032,115811.7,5.176,115786.9,7.595,115812.3,0.020,115786.6,0.002,115813.8,1.652,115784.7,4.656,115815.8,7.236,115782.6,6.876,115817.6,6.219,115782.2,0.002,115819.7,6.223
1757800415.4642973,115798.8,0.005,115800.8,0.032,115798.4,0.032,115802.5,1.038,115796.6,3.147,115803.1,1.250,115796.4,0.060,115804.5,5.282,115796.0,1.250,115806.3,0.032,115795.4,0.001,115808.3,6.927,115794.5,0.207,115810.0,0.032,115792.6,0.032,115811.3,0.005,115790.5,2.228,115811.6,0.060,115788.7,0.032,115811.7,5.176,115786.9,7.595,115812.3,0.020,115786.6,0.002,115813.8,1.652,115784.7,4.656,115815.8,7.236,115782.6,6.876,115817.6,6.219,115782.2,0.002,115819.7,6.223
1757800416.6645951,115798.8,0.005,115800.8,1.454,115798.4,0.032,115802.5,4.558,115796.6,3.147,115803.1,2.500,115796.4,0.060,115804.2,0.024,115796.0,1.250,115804.5,5.282,115795.4,0.001,115806.0,7.782,115794.5,0.207,115806.3,0.032,115792.6,0.032,115807.7,0.024,115790.5,2.228,115808.3,6.927,115788.7,0.032,115809.7,0.610,115786.9,7.595,115810.0,0.032,115786.6,0.002,115811.3,0.005,115784.7,4.656,115811.6,0.060,115782.6,6.876,115811.7,5.176,115782.2,0.002,115812.3,0.020
1757800416.7612133,115798.8,0.005,115800.8,1.422,115798.4,0.032,115802.5,3.520,115796.6,3.147,115803.1,1.250,115796.4,0.060,115804.2,0.024,115796.0,1.250,115804.5,0.050,115795.4,0.001,115806.0,7.782,115794.5,0.207,115807.7,0.024,115792.6,0.032,115809.7,0.610,115790.5,2.228,115811.3,0.005,115788.7,0.032,115811.5,4.070,115786.9,7.595,115811.6,0.060,115786.6,0.002,115812.3,0.020,115784.7,4.656,115813.6,4.512,115782.6,6.876,115815.7,4.062,115782.2,0.002,115817.8,0.024
1757800417.4077148,115798.8,0.005,115800.8,1.422,115798.4,10.448,115802.5,3.520,115796.6,1.584,115803.1,1.250,115796.4,0.060,115804.2,0.024,115796.0,1.250,115804.5,0.050,115795.4,0.001,115806.0,7.782,115794.8,0.024,115807.7,0.024,115792.9,4.171,115809.7,0.610,115791.1,0.024,115811.3,0.005,115789.0,4.612,115811.5,4.070,115787.1,5.192,115811.6,0.060,115786.6,0.002,115812.3,0.020,115784.9,1.216,115813.6,4.512,115782.7,4.576,115815.7,4.062,115782.2,0.002,115817.8,0.024
1757800419.1449435,115798.8,0.005,115800.8,1.422,115798.4,10.448,115802.5,3.520,115796.6,1.584,115803.1,1.250,115796.4,0.060,115804.2,0.024,115796.0,1.250,115806.0,7.782,115795.4,0.001,115807.7,0.024,115794.8,0.024,115809.7,0.610,115792.9,4.171,115811.3,0.005,115791.1,0.024,115811.5,4.070,115789.0,4.612,115811.6,0.060,115787.1,5.192,115812.3,0.020,115786.6,0.002,115813.6,4.512,115784.9,1.216,115815.7,4.062,115782.7,4.576,115817.8,0.024,115782.2,0.002,115819.6,0.340
1757800419.6927457,115798.8,0.005,115800.8,0.064,115798.4,10.448,115802.5,2.920,115796.6,1.584,115803.1,1.250,115796.4,0.060,115804.3,0.064,115796.0,1.250,115806.1,4.163,115795.4,0.001,115808.0,4.748,115794.8,0.024,115809.8,5.204,115792.9,4.171,115811.3,0.005,115791.1,0.024,115811.6,0.060,115789.0,4.612,115811.7,1.373,115787.1,5.192,115812.3,0.020,115786.6,0.002,115813.6,0.064,115784.9,1.216,115815.7,6.260,115782.7,4.576,115817.8,2.556,115780.5,0.024,115819.6,0.462
1757800419.694342,115798.8,0.005,115800.8,0.064,115798.4,0.064,115802.5,2.920,115796.6,1.661,115803.1,1.250,115796.4,0.060,115804.3,0.064,115796.0,1.250,115806.1,4.163,115795.4,0.001,115808.0,4.748,115794.7,0.064,115809.8,5.204,115792.8,6.518,115811.3,0.005,115790.8,0.704,115811.6,0.060,115788.9,5.045,115811.7,1.373,115786.9,2.802,115812.3,0.020,115786.6,0.002,115813.6,0.064,115784.9,0.064,115815.7,6.260,115782.7,5.717,115817.8,2.556,115780.5,3.218,115819.6,0.462
1757800420.288497,115798.8,0.005,115800.8,0.064,115798.4,0.064,115802.5,2.920,115796.6,1.661,115803.1,1.250,115796.4,0.060,115804.3,0.064,115796.0,1.250,115806.0,0.050,115795.4,0.001,115806.1,4.163,115794.7,0.064,115808.0,4.748,115792.8,6.518,115809.8,5.204,115790.8,0.704,115811.3,0.005,115788.9,5.045,115811.6,0.060,115786.9,2.802,115811.7,1.373,115786.6,0.002,115812.3,0.020,115784.9,0.064,115813.6,0.064,115782.7,5.717,115815.7,6.260,115780.5,3.218,115817.8,2.556
1757800421.8652964,115798.8,0.005,115800.8,5.401,115798.4,0.064,115802.5,4.544,115796.6,1.661,115803.1,1.250,115796.4,0.060,115804.6,2.814,115796.0,1.250,115806.0,0.050,115795.4,0.001,115806.7,0.339,115794.7,0.064,115808.8,7.208,115792.8,6.518,115810.9,4.592,115790.8,0.704,115811.3,0.005,115788.9,5.045,115811.6,0.060,115786.9,2.802,115812.3,0.020,115786.6,0.002,115813.0,0.048,115784.9,0.064,115814.9,0.048,115782.7,5.717,115816.7,0.048,115780.5,3.218,115818.5,3.663
1757800422.0611954,115798.8,0.005,115800.8,5.401,115798.4,5.186,115802.5,4.544,115796.6,4.170,115803.1,1.250,115796.4,0.060,115804.6,2.814,115796.0,1.250,115806.0,0.050,115795.4,0.001,115806.7,0.339,115794.4,3.109,115808.8,7.208,115792.2,5.691,115810.9,4.592,115790.0,0.220,115811.3,0.005,115787.8,7.403,115811.6,0.060,115786.6,0.002,115812.3,0.020,115785.6,0.048,115813.0,0.048,115783.6,0.048,115814.9,0.048,115781.7,0.048,115816.7,0.048,115779.8,0.290,115818.5,3.663
1757800423.161499,115798.8,0.005,115800.8,5.401,115798.4,5.186,115802.5,4.544,115796.6,4.170,115803.1,1.250,115796.4,0.060,115804.6,2.814,115796.0,1.250,115806.7,0.339,115795.4,0.001,115808.8,7.208,115794.4,3.109,115810.9,4.592,115792.2,5.691,115811.3,0.005,115790.0,0.220,115811.6,0.060,115787.8,7.403,115812.3,0.020,115786.6,0.002,115813.0,0.048,115785.6,0.048,115814.9,0.048,115783.6,0.048,115816.7,0.048,115781.7,0.048,115818.5,3.663,115779.8,0.290,115820.3,6.558
1757800423.6634662,115798.9,0.001,115800.8,5.401,115798.8,0.005,115802.5,4.544,115798.4,5.186,115803.1,1.250,115796.6,4.170,115804.6,2.814,115796.4,0.060,115806.7,0.339,115796.0,1.250,115808.8,7.208,115795.4,0.001,115810.9,4.592,115794.4,3.109,115811.3,0.005,115792.2,5.691,115811.6,0.060,115790.0,0.220,115812.3,0.020,115787.8,7.403,115813.0,0.048,115786.6,0.002,115814.9,0.048,115785.6,0.048,115816.7,0.048,115783.6,0.048,115818.5,3.663,115781.7,0.048,115820.3,6.558
1757800424.1713836,115798.9,0.001,115800.8,0.024,115798.8,0.005,115802.5,6.442,115798.4,5.186,115803.1,1.250,115796.6,4.170,115804.4,7.565,115796.4,0.060,115806.1,0.024,115796.0,1.250,115808.0,3.494,115795.4,0.001,115810.0,3.814,115794.4,3.109,115811.3,0.005,115792.2,5.691,115811.6,0.060,115790.0,0.220,115811.8,7.459,115787.8,7.403,115812.3,0.020,115786.6,0.002,115813.5,0.331,115785.6,0.048,115815.6,0.024,115783.6,0.048,115817.4,5.489,115781.7,0.048,115819.4,2.965
1757800424.3667781,115798.9,0.001,115800.8,0.024,115798.8,0.005,115802.5,6.442,115798.4,0.024,115803.1,1.250,115796.6,4.940,115804.4,7.565,115796.4,0.060,115806.1,0.024,115796.0,1.250,115808.0,3.494,115795.4,0.001,115810.0,3.814,115794.6,7.159,115811.3,0.005,115792.8,0.024,115811.6,0.060,115790.8,0.494,115811.8,7.459,115788.7,2.912,115812.3,0.020,115786.8,7.693,115813.5,0.331,115786.6,0.002,115815.6,0.024,115785.0,4.052,115817.4,5.489,115782.8,0.024,115819.4,2.965
1757800424.76282,115798.9,0.001,115800.8,0.024,115798.4,0.024,115802.5,6.442,115796.6,4.940,115803.1,1.250,115796.4,0.060,115804.4,7.565,115796.0,1.250,115806.1,0.024,115795.4,0.001,115808.0,3.494,115794.6,7.159,115810.0,3.814,115792.8,0.024,115811.3,0.005,115790.8,0.494,115811.6,0.060,115788.7,2.912,115811.8,7.459,115786.8,7.693,115812.3,0.020,115786.6,0.002,115813.5,0.331,115785.0,4.052,115815.6,0.024,115782.8,0.024,115817.4,5.489,115780.9,6.848,115819.4,2.965
1757800425.3653462,115798.9,0.001,115800.8,0.024,115798.4,0.024,115802.5,6.442,115796.6,4.940,115803.1,1.250,115796.4,0.060,115804.3,0.050,115796.0,1.250,115804.4,7.565,115795.4,0.001,115806.1,0.024,115794.6,7.159,115808.0,3.494,115792.8,0.024,115810.0,3.814,115790.8,0.494,115811.3,0.005,115788.7,2.912,115811.6,0.060,115786.8,7.693,115811.8,7.459,115786.6,0.002,115812.3,0.020,115785.0,4.052,115813.5,0.331,115782.8,0.024,115815.6,0.024,115780.9,6.848,115817.4,5.489
1757800425.7650113,115798.9,0.006,115800.8,0.024,115798.4,0.024,115802.5,6.442,115796.6,4.940,115803.1,1.250,115796.4,0.060,115804.3,0.050,115796.0,1.250,115804.4,7.565,115795.4,0.001,115806.1,0.024,115794.6,7.159,115808.0,3.494,115792.8,0.024,115810.0,3.814,115790.8,0.494,115811.3,0.005,115788.7,2.912,115811.6,0.060,115786.8,7.693,115811.8,7.459,115786.6,0.002,115812.3,0.020,115785.0,4.052,115813.5,0.331,115782.8,0.024,115815.6,0.024,115780.9,6.848,115817.4,5.489
1757800425.8631914,115798.9,0.005,115800.8,0.024,115798.4,0.024,115802.5,6.442,115796.6,4.940,115803.1,1.250,115796.4,0.060,115804.3,0.050,115796.0,1.250,115804.4,7.565,115795.4,0.001,115806.1,0.024,115794.6,7.159,115808.0,3.494,115792.8,0.024,115810.0,3.814,115790.8,0.494,115811.3,0.005,115788.7,2.912,115811.6,0.060,115786.8,7.693,115811.8,7.459,115786.6,0.002,115812.3,0.020,115785.0,4.052,115813.5,0.331,115782.8,0.024,115815.6,0.024,115780.9,6.848,115817.4,5.489
1757800426.5615983,115798.9,0.005,115800.8,7.170,115798.4,0.024,115802.5,0.064,115796.6,4.940,115803.1,1.250,115796.4,0.060,115804.3,0.050,115796.0,1.250,115804.6,0.064,115795.4,0.001,115806.6,0.064,115794.6,7.159,115808.3,1.131,115792.8,0.024,115810.0,3.810,115790.8,0.494,115811.3,0.005,115788.7,2.912,115811.6,0.060,115786.8,7.693,115812.1,1.894,115786.6,0.002,115812.3,0.020,115785.0,4.052,115813.9,6.258,115782.8,0.024,115815.8,7.151,115780.9,6.848,115817.6,7.047
1757800426.667088,115798.9,0.005,115800.8,7.170,115798.4,6.004,115802.5,0.064,115796.6,0.064,115803.1,1.250,115796.4,0.060,115804.3,0.050,115796.0,1.250,115804.6,0.064,115795.4,0.001,115806.6,0.064,115794.4,0.064,115808.3,1.131,115792.3,0.064,115810.0,3.810,115790.5,1.116,115811.3,0.005,115788.7,6.705,115811.6,0.060,115786.6,0.002,115812.1,1.894,115786.5,1.764,115812.3,0.020,115784.6,0.820,115813.9,6.258,115782.6,4.911,115815.8,7.151,115780.7,7.132,115817.6,7.047
1757800428.86076,115798.9,0.005,115800.8,10.720,115798.4,6.004,115802.5,0.024,115796.6,0.064,115803.1,1.250,115796.4,0.060,115804.3,0.050,115796.0,1.250,115804.4,1.245,115795.4,0.001,115806.2,6.800,115794.4,0.064,115808.0,1.895,115792.3,0.064,115810.1,0.024,115790.5,1.116,115811.3,0.005,115788.7,6.705,115811.6,0.060,115786.6,0.002,115812.1,6.336,115786.5,1.764,115812.3,0.020,115784.6,0.820,115814.2,0.925,115782.6,4.911,115816.1,1.356,115780.7,7.132,115818.2,0.024
1757800428.9616134,115798.9,0.005,115800.8,10.720,115798.4,4.297,115802.5,0.024,115796.6,0.024,115803.1,1.250,115796.4,0.060,115804.3,0.050,115796.0,1.250,115804.4,1.245,115795.4,0.001,115806.2,6.800,115794.6,2.446,115808.0,1.895,115792.7,1.350,115810.1,0.024,115790.8,6.901,115811.3,0.005,115788.6,0.024,115811.6,0.060,115786.6,0.002,115812.1,6.336,115786.5,2.623,115812.3,0.020,115784.3,2.877,115814.2,0.925,115782.3,5.722,115816.1,1.356,115780.1,0.024,115818.2,0.024
1757800429.2817976,115798.9,0.005,115800.8,10.720,115798.4,4.297,115802.5,0.024,115796.6,0.024,115803.1,1.250,115796.4,0.060,115804.3,0.050,115796.0,1.250,115804.4,1.245,115795.4,0.001,115806.2,6.800,115794.6,2.446,115808.0,1.895,115792.7,1.350,115810.1,0.024,115790.8,6.901,115811.3,0.005,115788.6,0.024,115811.6,0.060,115786.6,0.002,115812.1,6.336,115786.5,2.623,115812.3,0.020,115784.6,0.002,115814.2,0.925,115784.3,2.877,115816.1,1.356,115782.3,5.722,115818.2,0.024
1757800429.4653125,115798.9,0.005,115800.8,10.720,115798.4,4.297,115802.5,0.024,115796.6,0.024,115803.1,1.250,115796.4,0.060,115804.4,1.245,115796.0,1.250,115806.2,6.800,115795.4,0.001,115808.0,1.895,115794.6,2.446,115810.1,0.024,115792.7,1.350,115811.3,0.005,115790.8,6.901,115811.6,0.060,115788.6,0.024,115812.1,6.336,115786.6,0.002,115812.3,0.020,115786.5,2.623,115814.2,0.925,115784.6,0.002,115816.1,1.356,115784.3,2.877,115818.2,0.024,115782.3,5.722,115820.0,4.402
1757800430.070952,115798.9,0.005,115800.8,10.720,115798.4,4.297,115802.5,0.024,115796.6,0.024,115803.1,1.250,115796.4,0.060,115804.4,1.245,115796.0,1.250,115805.6,0.004,115795.4,0.001,115806.2,6.800,115794.6,2.446,115808.0,1.895,115792.7,1.350,115810.1,0.024,115790.8,6.901,115811.3,0.005,115788.6,0.024,115811.6,0.060,115786.6,0.002,115812.1,6.336,115786.5,2.623,115812.3,0.020,115784.6,0.002,115814.2,0.925,115784.3,2.877,115816.1,1.356,115782.3,5.722,115818.2,0.024
1757800430.1607385,115798.9,0.005,115800.8,10.720,115798.4,4.297,115802.5,0.024,115796.6,0.024,115803.1,1.250,115796.4,0.060,115804.4,1.245,115796.0,1.250,115805.6,0.004,115795.4,0.001,115806.2,6.800,115794.6,2.446,115808.0,1.895,115792.7,1.350,115810.1,0.024,115790.8,6.901,115811.3,0.005,115788.6,0.024,115811.6,0.040,115786.6,0.002,115812.1,6.336,115786.5,2.623,115812.3,0.020,115784.6,0.002,115814.2,0.925,115784.3,2.877,115816.1,1.356,115782.3,5.722,115818.2,0.024
1757800430.36271,115798.9,0.005,115800.7,0.050,115798.4,4.297,115800.8,10.720,115796.6,0.024,115802.5,0.024,115796.4,0.060,115803.1,1.250,115796.0,1.250,115804.4,1.245,115795.4,0.001,115805.6,0.004,115794.6,2.446,115806.2,6.800,115792.7,1.350,115808.0,1.895,115790.8,6.901,115810.1,0.024,115788.6,0.024,115811.3,0.005,115786.6,0.002,115811.6,0.040,115786.5,2.623,115812.1,6.336,115784.6,0.002,115812.3,0.020,115784.3,2.877,115814.2,0.925,115782.3,5.722,115816.1,1.356
1757800431.2643611,115798.9,0.005,115800.7,0.050,115798.4,4.297,115800.8,6.705,115796.6,0.024,115802.5,2.101,115796.4,0.060,115803.1,1.250,115796.0,1.250,115804.5,3.790,115795.4,0.001,115805.6,0.004,115794.6,2.446,115806.4,0.564,115792.7,1.350,115808.4,0.729,115790.8,6.901,115810.5,0.915,115788.6,0.024,115811.3,0.005,115786.6,0.002,115811.6,0.040,115786.5,2.623,115812.3,0.020,115784.6,0.002,115812.4,0.056,115784.3,2.877,115814.5,0.056,115782.3,5.722,115816.2,0.056
1757800431.3620305,115798.9,0.005,115800.7,0.050,115798.4,2.950,115800.8,6.705,115796.6,2.258,115802.5,2.101,115796.4,0.060,115803.1,1.250,115796.0,1.250,115804.5,3.790,115795.4,0.001,115805.6,0.004,115794.5,0.573,115806.4,0.564,115792.5,7.210,115808.4,0.729,115790.4,5.860,115810.5,0.915,115788.2,2.302,115811.3,0.005,115786.6,0.002,115811.6,0.040,115786.2,0.056,115812.3,0.020,115784.6,0.002,115812.4,0.056,115784.0,0.056,115814.5,0.056,115782.2,0.056,115816.2,0.056
1757800431.460826,115798.9,0.005,115800.7,0.050,115798.4,2.950,115800.8,6.705,115796.6,2.258,115802.5,2.101,115796.4,0.060,115803.1,1.250,115796.0,1.250,115804.5,3.790,115795.4,0.001,115805.6,0.004,115794.5,0.573,115806.4,0.564,115792.5,7.210,115808.4,0.729,115790.4,5.860,115810.5,0.915,115788.2,2.302,115811.3,0.005,115786.6,0.002,115811.6,0.040,115786.2,0.056,115812.4,0.056,115784.6,0.002,115814.5,0.056,115784.0,0.056,115816.2,0.056,115782.2,0.056,115818.1,0.910
1757800432.5606272,115798.9,0.005,115800.8,6.705,115798.4,2.950,115802.5,2.101,115796.6,2.258,115803.1,1.250,115796.4,0.060,115804.5,3.790,115796.0,1.250,115805.6,0.004,115795.4,0.001,115806.4,0.564,115794.5,0.573,115808.4,0.729,115792.5,7.210,115810.5,0.915,115790.4,5.860,115811.3,0.005,115788.2,2.302,115811.6,0.040,115786.6,0.002,115812.4,0.056,115786.2,0.056,115814.5,0.056,115784.6,0.002,115816.2,0.056,115784.0,0.056,115818.1,0.910,115782.2,0.056,115820.0,1.294
1757800432.7620738,115798.9,0.005,115800.8,6.705,115798.4,2.950,115802.5,2.101,115796.6,2.258,115803.1,1.250,115796.4,0.060,115804.5,3.790,115796.0,1.250,115805.6,0.004,115795.4,0.001,115806.4,0.564,115794.5,0.573,115808.4,0.729,115792.5,7.210,115810.5,0.915,115790.4,5.860,115811.3,0.005,115788.2,2.302,115811.6,0.040,115786.6,0.002,115812.4,0.056,115786.2,0.056,115814.5,0.056,115784.0,0.056,115816.2,0.056,115782.2,0.056,115818.1,0.910,115780.8,0.002,115820.0,1.294
1757800433.46589,115798.9,0.005,115800.8,21.964,115798.4,2.950,115802.5,9.711,115796.6,2.258,115803.1,2.500,115796.4,0.060,115804.4,1.066,115796.0,1.250,115804.5,3.790,115795.4,0.001,115805.6,0.004,115794.5,0.573,115806.3,0.248,115792.5,7.210,115806.4,0.564,115790.4,5.860,115808.2,3.957,115788.2,2.302,115808.4,0.729,115786.6,0.002,115809.9,0.048,115786.2,0.056,115810.5,0.915,115784.0,0.056,115811.3,0.005,115782.2,0.056,115811.6,1.870,115780.8,0.002,115812.4,0.056
1757800433.5622606,115798.9,0.005,115800.8,15.259,115798.4,2.950,115802.5,7.610,115796.6,2.258,115803.1,1.250,115796.4,0.060,115804.4,1.066,115796.0,1.250,115805.6,0.004,115795.4,0.001,115806.3,0.248,115794.5,0.573,115808.2,3.957,115792.5,7.210,115809.9,0.048,115790.4,5.860,115811.3,0.005,115788.2,2.302,115811.6,1.870,115786.6,0.002,115813.5,0.048,115786.2,0.056,115815.3,0.048,115784.0,0.056,115817.1,1.429,115782.2,0.056,115819.2,1.295,115780.8,0.002,115821.1,5.111
1757800433.6635256,115798.9,0.005,115800.8,15.259,115798.4,7.170,115802.5,7.610,115796.6,7.580,115803.1,1.250,115796.4,0.060,115804.4,1.066,115796.0,1.250,115805.6,0.004,115795.4,0.001,115806.3,0.248,115794.6,4.720,115808.2,3.957,115792.6,2.060,115809.9,0.048,115790.6,7.906,115811.3,0.005,115788.8,0.048,115811.6,1.870,115787.0,4.693,115813.5,0.048,115786.6,0.002,115815.3,0.048,115785.0,0.048,115817.1,1.429,115783.1,0.048,115819.2,1.295,115781.2,3.565,115821.1,5.111
1757800433.8627715,115798.9,0.005,115800.8,15.259,115798.4,7.170,115802.5,7.610,115796.6,7.580,115803.1,1.250,115796.4,0.060,115804.4,1.066,115796.0,1.250,115806.3,0.248,115795.4,0.001,115808.2,3.957,115794.6,4.720,115809.9,0.048,115792.6,2.060,115811.3,0.005,115790.6,7.906,115811.6,1.870,115788.8,0.048,115813.5,0.048,115787.0,4.693,115815.3,0.048,115786.6,0.002,115817.1,1.429,115785.0,0.048,115819.2,1.295,115783.1,0.048,115821.1,5.111,115781.2,3.565,115823.1,3.333
1757800434.0649269,115798.4,7.135,115800.8,15.259,115796.6,7.580,115802.5,7.610,115796.4,0.060,115803.1,1.250,115796.0,1.250,115804.4,1.066,115795.4,0.001,115806.3,0.248,115794.6,4.720,115808.2,3.957,115792.6,2.060,115809.9,0.048,115790.6,7.906,115811.3,0.005,115788.8,0.048,115811.6,1.870,115787.0,4.693,115813.5,0.048,115786.6,0.002,115815.3,0.048,115785.0,0.048,115817.1,1.429,115783.1,0.048,115819.2,1.295,115781.2,3.565,115821.1,5.111,115780.8,0.004,115823.1,3.333
1757800434.3608902,115798.4,7.135,115800.8,15.259,115796.6,7.580,115802.5,7.610,115796.4,0.060,115803.1,1.250,115796.0,1.250,115804.4,1.116,115795.4,0.001,115806.3,0.248,115794.6,4.720,115808.2,3.957,115792.6,2.060,115809.9,0.048,115790.6,7.906,115811.3,0.005,115788.8,0.048,115811.6,1.870,115787.0,4.693,115813.5,0.048,115786.6,0.002,115815.3,0.048,115785.0,0.048,115817.1,1.429,115783.1,0.048,115819.2,1.295,115781.2,3.565,115821.1,5.111,115780.8,0.004,115823.1,3.333
1757800435.7619998,115798.4,7.135,115800.8,9.055,115796.6,7.580,115802.5,7.206,115796.4,0.060,115803.1,1.250,115796.0,1.250,115804.4,0.050,115795.4,0.001,115804.5,0.032,115794.6,4.720,115806.4,0.032,115792.6,2.060,115808.4,0.373,115790.6,7.906,115810.1,0.032,115788.8,0.048,115811.3,0.005,115787.0,4.693,115811.6,0.040,115786.6,0.002,115812.2,3.297,115785.0,0.048,115814.2,7.798,115783.1,0.048,115816.3,7.321,115781.2,3.565,115818.2,7.704,115780.8,0.004,115820.3,0.223
1757800435.962774,115798.4,14.966,115800.8,9.055,115796.6,4.032,115802.5,7.206,115796.4,0.060,115803.1,1.250,115796.0,1.250,115804.4,0.050,115795.4,0.001,115804.5,0.032,115794.5,0.032,115806.4,0.032,115792.5,0.032,115808.4,0.373,115790.4,3.284,115810.1,0.032,115788.6,0.032,115811.3,0.005,115786.6,0.002,115811.6,0.040,115786.4,3.358,115812.2,3.297,115784.3,5.354,115814.2,7.798,115782.1,6.173,115816.3,7.321,115780.8,0.004,115818.2,7.704,115780.1,0.833,115820.3,0.223
1757800436.260601,115798.4,14.966,115800.8,9.055,115796.6,4.032,115802.5,7.206,115796.4,0.060,115803.1,1.250,115796.0,1.250,115804.4,0.050,115795.4,0.001,115804.5,0.032,115794.5,0.032,115806.4,0.032,115792.5,0.032,115808.4,0.373,115790.4,3.284,115810.1,0.032,115788.6,0.032,115811.3,0.005,115786.6,0.002,115811.6,0.040,115786.4,3.358,115812.2,3.297,115784.3,5.354,115814.2,7.798,115782.1,6.173,115816.3,7.321,115780.8,0.002,115818.2,7.704,115780.1,0.833,115820.3,0.223
1757800436.7637146,115798.4,14.966,115800.8,9.055,115796.6,4.032,115802.5,7.206,115796.4,0.060,115803.1,1.250,115796.0,1.250,115804.4,0.050,115795.4,0.001,115804.5,0.032,115794.5,0.032,115806.4,0.032,115792.5,0.032,115808.4,0.373,115790.4,3.284,115810.1,0.032,115788.6,0.032,115811.3,0.005,115786.6,0.002,115811.6,0.040,115786.4,3.358,115812.2,3.297,115784.3,5.354,115814.2,7.798,115782.1,6.173,115816.3,7.321,115780.1,0.833,115818.2,7.704,115777.9,2.575,115820.3,0.223
1757800437.5616965,115798.4,14.966,115800.8,9.055,115796.6,4.032,115802.5,7.206,115796.4,0.060,115803.1,1.250,115796.0,1.250,115804.4,0.050,115795.4,0.001,115804.5,0.032,115794.5,0.032,115806.4,0.032,115792.5,0.032,115808.4,0.373,115790.4,3.284,115810.1,0.032,115788.6,0.032,115811.3,0.005,115786.6,0.002,115811.6,0.040,115786.4,3.358,115812.2,3.297,115784.3,5.354,115814.2,7.798,115782.1,6.173,115816.3,7.321,115781.0,0.002,115818.2,7.704,115780.1,0.833,115820.3,0.223
1757800438.1641207,115798.4,14.966,115800.8,9.880,115796.6,4.032,115802.5,0.072,115796.4,0.060,115803.1,1.250,115796.0,1.250,115804.4,0.050,115795.4,0.001,115804.6,3.427,115794.5,0.032,115806.6,2.665,115792.5,0.032,115808.6,0.072,115790.4,3.284,115810.7,0.072,115788.6,0.032,115811.3,0.005,115786.6,0.002,115811.6,0.040,115786.4,3.358,115812.5,1.785,115784.3,5.354,115814.3,4.974,115782.1,6.173,115816.2,7.610,115781.0,0.002,115818.1,1.546,115780.1,0.833,115820.2,1.874
1757800438.3628402,115798.4,10.783,115800.8,9.880,115796.6,0.072,115802.5,0.072,115796.4,0.060,115803.1,1.250,115796.0,1.250,115804.4,0.050,115795.4,0.001,115804.6,3.427,115794.4,4.814,115806.6,2.665,115792.3,1.885,115808.6,0.072,115790.2,0.072,115810.7,0.072,115788.0,0.072,115811.3,0.005,115786.6,0.002,115811.6,0.040,115786.1,7.848,115812.5,1.785,115784.2,4.688,115814.3,4.974,115782.2,6.987,115816.2,7.610,115781.0,0.002,115818.1,1.546,115780.2,4.014,115820.2,1.874
1757800438.4622347,115798.4,10.783,115800.8,9.880,115796.6,0.072,115802.5,0.072,115796.4,0.060,115803.1,1.250,115796.0,1.250,115804.4,0.050,115795.4,0.001,115804.6,3.427,115794.4,4.814,115806.6,2.665,115792.3,1.885,115808.6,0.072,115790.2,0.072,115810.7,0.072,115788.0,0.072,115811.3,0.005,115786.6,0.002,115811.6,0.040,115786.1,7.848,115812.5,1.785,115784.2,4.688,115814.3,4.974,115782.2,6.987,115816.2,7.610,115781.0,0.002,115818.1,1.546,115780.8,0.002,115820.2,1.874
1757800439.661517,115798.4,10.783,115800.8,9.880,115796.6,0.072,115802.5,0.072,115796.4,0.060,115803.1,1.250,115796.0,1.250,115804.4,0.050,115795.4,0.001,115804.6,3.427,115794.4,4.814,115806.6,2.665,115792.3,1.885,115808.6,0.072,115790.2,0.072,115810.7,0.072,115788.0,0.072,115811.3,0.005,115786.6,0.002,115811.6,0.060,115786.1,7.848,115812.5,1.785,115784.2,4.688,115814.3,4.974,115782.2,6.987,115816.2,7.610,115781.0,0.002,115818.1,1.546,115780.8,0.002,115820.2,1.874
1757800440.56257,115798.4,10.783,115800.8,7.998,115796.6,0.072,115802.5,0.048,115796.4,0.060,115803.1,1.250,115796.0,1.250,115804.4,6.301,115795.4,0.001,115806.2,3.357,115794.4,4.814,115808.3,5.964,115792.3,1.885,115810.4,6.421,115790.2,0.072,115811.3,0.005,115788.0,0.072,115811.6,0.060,115786.6,0.002,115812.5,0.048,115786.1,7.848,115814.3,0.048,115784.2,4.688,115816.1,3.911,115782.2,6.987,115818.1,1.881,115781.0,0.002,115819.9,2.862,115780.8,0.002,115821.9,6.662
1757800440.7642903,115798.4,1.934,115800.8,7.998,115796.6,0.048,115802.5,0.048,115796.4,0.060,115803.1,1.250,115796.0,1.250,115804.4,6.301,115795.4,0.001,115806.2,3.357,115794.6,5.232,115808.3,5.964,115792.7,4.688,115810.4,6.421,115790.5,7.194,115811.3,0.005,115788.3,0.714,115811.6,0.060,115786.6,0.002,115812.5,0.048,115786.1,0.048,115814.3,0.048,115784.2,0.048,115816.1,3.911,115782.3,5.528,115818.1,1.881,115781.0,0.002,115819.9,2.862,115780.8,0.002,115821.9,6.662
1757800441.0606766,115798.4,1.934,115800.8,7.998,115796.6,0.048,115802.5,0.048,115796.4,0.060,115803.1,1.250,115796.0,1.250,115804.4,6.301,115795.4,0.001,115806.2,3.357,115794.6,5.232,115808.3,5.964,115792.7,4.688,115810.4,6.421,115790.5,7.194,115811.3,0.005,115788.3,0.714,115811.6,0.060,115786.6,0.002,115812.5,0.048,115786.1,0.048,115814.3,0.048,115784.2,0.048,115816.1,3.911,115782.3,5.528,115818.1,1.881,115780.8,0.002,115819.9,2.862,115780.2,3.611,115821.9,6.662
1757800441.2629185,115798.4,1.934,115800.8,7.998,115796.6,0.048,115802.5,0.048,115796.4,0.060,115803.1,1.250,115796.0,1.250,115804.4,6.251,115795.4,0.001,115806.2,3.357,115794.6,5.232,115808.3,5.964,115792.7,4.688,115810.4,6.421,115790.5,7.194,115811.3,0.005,115788.3,0.714,115811.6,0.060,115786.6,0.002,115812.5,0.048,115786.1,0.048,115814.3,0.048,115784.2,0.048,115816.1,3.911,115782.3,5.528,115818.1,1.881,115780.8,0.002,115819.9,2.862,115780.2,3.611,115821.9,6.662
1757800441.665187,115798.4,1.934,115800.8,7.998,115796.6,0.048,115802.5,0.048,115796.4,0.060,115803.1,1.250,115796.0,1.250,115804.4,6.251,115795.4,0.001,115806.2,3.357,115794.6,5.232,115808.3,5.964,115792.7,4.688,115810.4,6.421,115790.5,7.194,115811.3,0.005,115788.3,0.714,115811.6,0.060,115786.6,0.002,115812.5,0.048,115786.1,0.048,115814.3,0.048,115784.2,0.048,115816.1,3.911,115782.3,5.528,115818.1,1.881,115780.2,3.611,115819.9,2.862,115778.3,5.592,115821.9,6.662
1757800443.0624418,115798.4,1.934,115800.8,14.628,115796.6,0.048,115802.5,2.272,115796.4,0.060,115803.1,1.250,115796.0,1.250,115804.2,0.016,115795.4,0.001,115806.1,1.444,115794.6,5.232,115808.2,7.074,115792.7,4.688,115810.1,0.016,115790.5,7.194,115811.3,0.005,115788.3,0.714,115811.6,0.060,115786.6,0.002,115811.8,1.080,115786.1,0.048,115813.7,0.016,115784.2,0.048,115815.6,7.559,115782.3,5.528,115817.3,7.132,115780.2,3.611,115819.4,2.069,115778.3,5.592,115821.3,2.317
1757800443.271248,115798.4,11.559,115800.8,14.628,115796.6,6.631,115802.5,2.272,115796.4,0.060,115803.1,1.250,115796.0,1.250,115804.2,0.016,115795.4,0.001,115806.1,1.444,115794.8,0.016,115808.2,7.074,115792.8,6.301,115810.1,0.016,115790.6,6.029,115811.3,0.005,115788.6,0.016,115811.6,0.060,115786.8,4.838,115811.8,1.080,115786.6,0.002,115813.7,0.016,115784.8,0.016,115815.6,7.559,115782.8,3.319,115817.3,7.132,115781.0,3.208,115819.4,2.069,115778.8,5.911,115821.3,2.317
1757800443.5621061,115798.4,11.559,115800.8,14.628,115796.6,6.631,115802.5,2.272,115796.4,0.060,115803.1,1.250,115796.0,1.250,115804.2,0.016,115795.4,0.001,115806.1,1.444,115794.8,0.016,115808.2,7.074,115792.8,6.301,115808.3,0.004,115790.6,6.029,115810.1,0.016,115788.6,0.016,115811.3,0.005,115786.8,4.838,115811.6,0.060,115786.6,0.002,115811.8,1.080,115784.8,0.016,115813.7,0.016,115782.8,3.319,115815.6,7.559,115781.0,3.208,115817.3,7.132,115778.8,5.911,115819.4,2.069
1757800444.0607216,115798.4,11.559,115800.8,14.628,115796.6,6.631,115802.5,2.272,115796.0,1.250,115803.1,1.250,115795.4,0.001,115804.2,0.016,115794.8,0.016,115806.1,1.444,115792.8,6.301,115808.2,7.074,115790.6,6.029,115808.3,0.004,115788.6,0.016,115810.1,0.016,115786.8,4.838,115811.3,0.005,115786.6,0.002,115811.6,0.060,115784.8,0.016,115811.8,1.080,115782.8,3.319,115813.7,0.016,115781.0,3.208,115815.6,7.559,115778.8,5.911,115817.3,7.132,115777.2,0.002,115819.4,2.069
1757800445.4637158,115798.4,11.559,115800.8,0.016,115796.6,6.631,115802.5,2.746,115796.0,1.250,115803.1,1.250,115795.4,0.001,115804.4,0.694,115794.8,0.016,115806.5,5.321,115792.8,6.301,115808.3,6.164,115790.6,6.029,115810.0,3.536,115788.6,0.016,115811.3,0.005,115786.8,4.838,115811.6,0.060,115786.6,0.002,115811.8,7.556,115784.8,0.016,115813.5,0.016,115782.8,3.319,115815.2,5.872,115781.0,3.208,115817.0,0.016,115778.8,5.911,115819.1,5.356,115777.2,0.002,115821.2,5.795
1757800445.5638697,115798.4,11.575,115800.8,0.016,115796.6,10.079,115802.5,2.746,115796.0,2.500,115803.1,1.250,115795.4,0.001,115804.4,0.694,115794.8,0.016,115806.5,5.321,115794.6,4.534,115808.3,6.164,115792.8,6.301,115810.0,3.536,115792.4,2.722,115811.3,0.005,115790.6,6.029,115811.6,0.060,115790.5,3.768,115811.8,7.556,115788.7,4.805,115813.5,0.016,115788.6,0.016,115815.2,5.872,115786.8,5.547,115817.0,0.016,115786.6,0.002,115819.1,5.356,115785.0,0.016,115821.2,5.795
1757800445.668353,115798.4,0.016,115800.8,0.016,115796.6,3.448,115802.5,2.746,115796.0,1.310,115803.1,1.250,115795.4,0.001,115804.4,0.694,115794.6,4.534,115806.5,5.321,115792.4,2.722,115808.3,6.164,115790.5,3.768,115810.0,3.536,115788.7,4.805,115811.3,0.005,115786.8,0.709,115811.6,0.060,115786.6,0.002,115811.8,7.556,115785.0,0.016,115813.5,0.016,115783.2,2.467,115815.2,5.872,115781.3,0.016,115817.0,0.016,115779.1,6.820,115819.1,5.356,115777.2,0.002,115821.2,5.795
1757800446.0709097,115798.4,0.016,115800.8,0.016,115796.6,3.448,115802.5,2.746,115796.0,1.310,115803.1,1.250,115795.4,0.001,115804.4,0.694,115794.6,4.534,115806.5,5.321,115792.4,2.722,115808.3,6.164,115790.5,3.768,115810.0,3.536,115788.7,4.805,115811.3,0.005,115786.8,0.709,115811.6,0.060,115786.6,0.002,115811.8,7.556,115785.0,0.016,115813.5,0.016,115783.2,2.467,115815.2,5.872,115781.3,0.016,115817.0,0.016,115780.9,0.002,115819.1,5.356,115779.1,6.820,115821.2,5.795
1757800446.266619,115798.4,0.016,115800.8,0.016,115796.6,3.448,115802.5,2.746,115796.1,0.050,115803.1,1.250,115796.0,1.310,115804.4,0.694,115795.4,0.001,115806.5,5.321,115794.6,4.534,115808.3,6.164,115792.4,2.722,115810.0,3.536,115790.5,3.768,115811.3,0.005,115788.7,4.805,115811.6,0.060,115786.8,0.709,115811.8,7.556,115786.6,0.002,115813.5,0.016,115785.0,0.016,115815.2,5.872,115783.2,2.467,115817.0,0.016,115781.3,0.016,115819.1,5.356,115780.9,0.002,115821.2,5.795
1757800446.5649614,115798.4,0.016,115800.8,0.016,115796.6,3.448,115802.5,2.746,115796.1,0.050,115803.1,1.250,115796.0,1.310,115804.4,0.694,115795.4,0.001,115806.5,5.321,115794.6,4.534,115808.3,6.160,115792.4,2.722,115810.0,3.536,115790.5,3.768,115811.3,0.005,115788.7,4.805,115811.6,0.060,115786.8,0.709,115811.8,7.556,115786.6,0.002,115813.5,0.016,115785.0,0.016,115815.2,5.872,115783.2,2.467,115817.0,0.016,115781.3,0.016,115819.1,5.356,115780.9,0.002,115821.2,5.795
1757800447.8656118,115798.4,0.016,115800.8,13.448,115796.6,3.448,115802.5,0.040,115796.1,0.050,115803.1,1.250,115796.0,1.310,115804.2,6.349,115795.4,0.001,115806.1,5.177,115794.6,4.534,115808.1,0.040,115792.4,2.722,115809.9,3.309,115790.5,3.768,115811.3,0.005,115788.7,4.805,115811.6,0.060,115786.8,0.709,115811.8,0.040,115786.6,0.002,115813.6,0.763,115785.0,0.016,115815.5,5.623,115783.2,2.467,115817.3,1.485,115781.3,0.016,115819.4,6.015,115780.9,0.002,115821.4,4.560
1757800447.966069,115798.4,14.543,115800.8,13.448,115796.6,0.040,115802.5,0.040,115796.1,0.050,115803.1,1.250,115796.0,1.310,115804.2,6.349,115795.4,0.001,115806.1,5.177,115794.8,6.543,115808.1,0.040,115792.8,2.683,115809.9,3.309,115790.7,0.040,115811.3,0.005,115788.8,5.085,115811.6,0.060,115786.8,0.040,115811.8,0.040,115786.6,0.002,115813.6,0.763,115784.9,2.558,115815.5,5.623,115782.9,2.376,115817.3,1.485,115781.0,1.353,115819.4,6.015,115780.9,0.002,115821.4,4.560
1757800449.160529,115798.4,14.543,115800.8,13.448,115796.6,0.040,115802.5,0.040,115796.0,1.310,115803.1,1.250,115795.4,0.001,115804.2,6.349,115794.8,6.543,115806.1,5.177,115792.8,2.683,115808.1,0.040,115790.7,0.040,115809.9,3.309,115788.8,5.085,115811.3,0.005,115786.8,0.040,115811.6,0.060,115786.6,0.002,115811.8,0.040,115784.9,2.558,115813.6,0.763,115782.9,2.376,115815.5,5.623,115781.0,1.353,115817.3,1.485,115780.9,0.002,115819.4,6.015,115778.8,1.334,115821.4,4.560
1757800449.6630342,115798.4,14.543,115800.8,13.448,115796.6,0.040,115802.5,0.040,115796.0,1.310,115803.1,1.250,115795.4,0.001,115804.2,6.349,115794.8,6.543,115806.1,5.177,115792.8,2.683,115808.1,0.040,115790.7,0.040,115809.9,3.309,115788.8,5.085,115811.3,0.005,115786.8,0.040,115811.6,0.060,115786.6,0.002,115811.8,0.040,115784.9,2.558,115813.6,0.763,115782.9,2.376,115815.5,5.623,115781.0,1.353,115817.3,1.485,115778.8,1.334,115819.4,6.015,115777.2,0.002,115821.4,4.560
1757800450.1607955,115798.4,14.543,115800.8,13.448,115796.6,0.040,115802.5,0.040,115796.0,1.310,115803.1,1.250,115795.4,0.001,115804.2,6.349,115794.8,6.543,115806.1,5.177,115792.8,2.683,115808.1,0.040,115790.7,0.040,115808.2,0.004,115788.8,5.085,115809.9,3.309,115786.8,0.040,115811.3,0.005,115786.6,0.002,115811.6,0.060,115784.9,2.558,115811.8,0.040,115782.9,2.376,115813.6,0.763,115781.0,1.353,115815.5,5.623,115778.8,1.334,115817.3,1.485,115777.2,0.002,115819.4,6.015
1757800450.3636,115798.4,14.543,115800.8,0.024,115796.6,0.040,115802.5,0.024,115796.0,1.310,115803.1,1.250,115795.4,0.001,115804.5,0.024,115794.8,6.543,115806.6,6.697,115792.8,2.683,115808.2,0.004,115790.7,0.040,115808.3,5.956,115788.8,5.085,115810.2,6.162,115786.8,0.040,115811.3,0.005,115786.6,0.002,115811.6,0.060,115784.9,2.558,115812.1,1.907,115782.9,2.376,115813.9,0.949,115781.0,1.353,115815.7,6.225,115778.8,1.334,115817.4,5.017,115777.2,0.002,115819.3,1.453
1757800450.5623739,115798.4,14.567,115800.8,0.024,115796.6,0.064,115802.5,0.024,115796.0,2.560,115803.1,1.250,115795.4,0.001,115804.5,0.024,115794.8,6.543,115806.6,6.697,115794.5,0.024,115808.2,0.004,115792.8,2.683,115808.3,5.956,115792.3,1.260,115810.2,6.162,115790.7,0.040,115811.3,0.005,115790.5,6.657,115811.6,0.060,115788.8,5.085,115812.1,1.907,115788.5,3.604,115813.9,0.949,115786.8,0.040,115815.7,6.225,115786.6,0.002,115817.4,5.017,115786.5,0.454,115819.3,1.453
1757800450.664737,115798.4,0.024,115802.5,0.008,115796.6,0.024,115803.1,1.250,115796.0,1.310,115804.5,0.024,115795.4,0.001,115806.6,6.697,115794.5,0.024,115808.2,0.004,115792.3,1.260,115808.3,5.956,115790.5,6.657,115810.2,6.162,115788.5,3.604,115811.3,0.005,115786.6,0.002,115811.6,0.060,115786.5,0.454,115812.1,1.907,115784.6,0.669,115813.9,0.949,115782.7,2.365,115815.7,6.225,115780.9,4.915,115817.4,5.017,115778.9,4.438,115819.3,1.453,115777.2,0.002,115821.2,1.288
1757800450.9608896,115798.4,0.024,115802.5,0.008,115796.6,0.024,115803.1,1.250,115796.0,1.310,115804.5,0.024,115795.4,0.001,115806.6,6.697,115794.5,0.024,115808.2,0.004,115792.3,1.260,115808.3,5.956,115790.5,6.657,115808.4,0.004,115788.5,3.604,115810.2,6.162,115786.6,0.002,115811.3,0.005,115786.5,0.454,115811.6,0.060,115784.6,0.669,115812.1,1.907,115782.7,2.365,115813.9,0.949,115780.9,4.915,115815.7,6.225,115778.9,4.438,115817.4,5.017,115777.2,0.002,115819.3,1.453
1757800451.3633888,115798.4,0.024,115802.5,0.038,115796.6,0.024,115803.1,1.250,115796.0,1.310,115804.5,0.024,115795.4,0.001,115806.6,6.697,115794.5,0.024,115808.2,0.004,115792.3,1.260,115808.3,5.956,115790.5,6.657,115808.4,0.004,115788.5,3.604,115810.2,6.162,115786.6,0.002,115811.3,0.005,115786.5,0.454,115811.6,0.060,115784.6,0.669,115812.1,1.907,115782.7,2.365,115813.9,0.949,115780.9,4.915,115815.7,6.225,115778.9,4.438,115817.4,5.017,115777.2,0.002,115819.3,1.453
1757800452.4616456,115798.4,0.029,115802.5,0.038,115796.6,0.024,115803.1,1.250,115796.0,1.310,115804.5,0.024,115795.4,0.001,115806.6,6.697,115794.5,0.024,115808.2,0.004,115792.3,1.260,115808.3,5.956,115790.5,6.657,115808.4,0.004,115788.5,3.604,115810.2,6.162,115786.6,0.002,115811.3,0.005,115786.5,0.454,115811.6,0.060,115784.6,0.669,115812.1,1.907,115782.7,2.365,115813.9,0.949,115780.9,4.915,115815.7,6.225,115778.9,4.438,115817.4,5.017,115777.2,0.002,115819.3,1.453
1757800452.8635356,115798.4,0.029,115800.8,0.032,115796.6,0.024,115802.5,7.264,115796.0,1.310,115803.1,2.500,115795.4,0.001,115804.2,7.884,115794.5,0.024,115804.5,0.024,115792.3,1.260,115806.1,0.032,115790.5,6.657,115806.6,6.697,115788.5,3.604,115808.1,7.811,115786.6,0.002,115808.2,0.004,115786.5,0.454,115808.3,5.956,115784.6,0.669,115808.4,0.004,115782.7,2.365,115809.8,0.032,115780.9,4.915,115810.2,6.162,115778.9,4.438,115811.3,0.005,115777.2,0.002,115811.6,0.060
1757800452.9629033,115798.4,0.029,115800.8,0.032,115796.6,0.024,115802.5,7.256,115796.0,1.310,115803.1,1.250,115795.4,0.001,115804.2,7.884,115794.5,0.024,115806.1,0.032,115792.3,1.260,115808.1,7.811,115790.5,6.657,115808.2,0.004,115788.5,3.604,115808.4,0.004,115786.6,0.002,115809.8,0.032,115786.5,0.454,115811.3,0.005,115784.6,0.669,115811.6,0.060,115782.7,2.365,115811.9,0.836,115780.9,4.915,115813.8,4.775,115778.9,4.438,115815.8,7.308,115777.2,0.002,115817.7,7.671
1757800453.1625912,115798.4,0.037,115800.8,0.032,115796.6,3.461,115802.5,7.256,115796.0,1.310,115803.1,1.250,115795.4,0.001,115804.2,7.884,115794.8,5.090,115806.1,0.032,115792.8,0.032,115808.1,7.811,115790.7,0.647,115808.2,0.004,115788.9,0.032,115808.4,0.004,115786.7,7.865,115809.8,0.032,115786.6,0.002,115811.3,0.005,115784.7,4.640,115811.6,0.060,115782.6,6.354,115811.9,0.836,115780.6,5.255,115813.8,4.775,115778.5,4.779,115815.8,7.308,115777.2,0.002,115817.7,7.671
1757800453.2679014,115798.4,0.037,115800.8,0.032,115796.6,3.461,115802.5,7.226,115796.0,1.310,115803.1,1.250,115795.4,0.001,115804.2,7.884,115794.8,5.090,115806.1,0.032,115792.8,0.032,115808.1,7.811,115790.7,0.647,115808.4,0.004,115788.9,0.032,115809.8,0.032,115786.7,7.865,115811.3,0.005,115786.6,0.002,115811.6,0.060,115784.7,4.640,115811.9,0.836,115782.6,6.354,115813.8,4.775,115780.6,5.255,115815.8,7.308,115778.5,4.779,115817.7,7.671,115777.2,0.002,115819.7,5.348
1757800453.9633234,115798.4,0.037,115800.8,0.032,115796.6,3.461,115802.5,7.226,115796.0,1.310,115803.1,1.250,115795.4,0.001,115804.2,7.884,115794.8,5.090,115806.1,0.032,115792.8,0.032,115806.5,0.050,115790.7,0.647,115808.1,7.811,115788.9,0.032,115808.4,0.004,115786.7,7.865,115809.8,0.032,115786.6,0.002,115811.3,0.005,115784.7,4.640,115811.6,0.060,115782.6,6.354,115811.9,0.836,115780.6,5.255,115813.8,4.775,115778.5,4.779,115815.8,7.308,115777.2,0.002,115817.7,7.671
1757800454.3673847,115798.4,0.037,115800.8,0.032,115796.6,3.461,115802.5,7.226,115796.0,1.310,115803.1,1.250,115795.4,0.001,115804.2,7.884,115794.8,5.090,115806.1,0.032,115792.8,0.032,115806.5,0.050,115790.7,0.647,115808.1,7.811,115788.9,0.032,115809.8,0.032,115786.7,7.865,115811.3,0.005,115786.6,0.002,115811.6,0.060,115784.7,4.640,115811.9,0.836,115782.6,6.354,115813.8,4.775,115780.6,5.255,115815.8,7.308,115778.5,4.779,115817.7,7.671,115777.2,0.002,115819.7,5.348
1757800455.3624804,115798.4,0.037,115800.8,0.032,115796.6,3.461,115802.5,7.226,115796.0,1.310,115803.1,1.250,115795.4,0.001,115804.2,7.884,115794.8,5.090,115806.1,0.032,115792.8,0.032,115806.5,0.050,115790.7,0.647,115807.1,0.004,115788.9,0.032,115808.1,7.811,115786.7,7.865,115809.8,0.032,115786.6,0.002,115811.3,0.005,115784.7,4.640,115811.6,0.060,115782.6,6.354,115811.9,0.836,115780.6,5.255,115813.8,4.775,115778.5,4.779,115815.8,7.308,115777.2,0.002,115817.7,7.671
1757800455.4646943,115798.4,0.037,115800.8,0.064,115796.6,3.461,115802.5,2.211,115796.0,1.310,115803.1,1.250,115795.4,0.001,115804.6,0.064,115794.8,5.090,115806.5,0.050,115792.8,0.032,115806.6,0.064,115790.7,0.647,115807.1,0.004,115788.9,0.032,115808.7,5.008,115786.7,7.865,115810.7,7.049,115786.6,0.002,115811.3,0.005,115784.7,4.640,115811.6,0.060,115782.6,6.354,115812.6,3.676,115780.6,5.255,115814.7,1.899,115778.5,4.779,115816.4,3.287,115777.2,0.002,115818.2,6.745
1757800455.6631403,115798.4,0.101,115800.8,0.064,115796.6,6.720,115802.5,2.211,115796.0,2.560,115803.1,1.250,115795.4,0.001,115804.6,0.064,115794.8,5.090,115806.5,0.050,115794.4,0.064,115806.6,0.064,115792.8,0.032,115807.1,0.004,115792.3,0.064,115808.7,5.008,115790.7,0.647,115810.7,7.049,115790.1,1.733,115811.3,0.005,115788.9,0.032,115811.6,0.060,115788.0,3.832,115812.6,3.676,115786.7,7.865,115814.7,1.899,115786.6,0.002,115816.4,3.287,115786.0,6.145,115818.2,6.745
1757800455.7635744,115798.4,0.069,115800.8,0.064,115796.6,3.259,115802.5,2.211,115796.0,1.310,115803.1,1.250,115795.4,0.001,115804.6,0.064,115794.4,0.064,115806.5,0.050,115792.3,0.064,115806.6,0.064,115790.1,1.733,115807.1,0.004,115788.0,3.832,115808.7,5.008,115786.6,0.002,115810.7,7.049,115786.0,6.145,115811.3,0.005,115783.8,5.555,115811.6,0.060,115782.0,2.136,115812.6,3.676,115780.1,5.493,115814.7,1.899,115778.3,4.685,115816.4,3.287,115777.2,0.002,115818.2,6.745
1757800455.964574,115798.4,0.069,115800.8,0.064,115796.6,3.259,115802.5,2.211,115796.0,1.310,115803.1,1.250,115795.4,0.001,115804.6,0.064,115794.4,0.064,115806.6,0.064,115792.3,0.064,115807.1,0.004,115790.1,1.733,115808.7,5.008,115788.0,3.832,115810.7,7.049,115786.6,0.002,115811.3,0.005,115786.0,6.145,115811.6,0.060,115783.8,5.555,115812.6,3.676,115782.0,2.136,115814.7,1.899,115780.1,5.493,115816.4,3.287,115778.3,4.685,115818.2,6.745,115777.2,0.002,115819.9,5.718
1757800458.1629064,115798.4,0.069,115800.8,0.016,115796.6,3.259,115802.5,0.254,115796.0,1.310,115803.1,1.250,115795.4,0.001,115804.4,0.016,115794.4,0.064,115806.1,5.428,115792.3,0.064,115807.1,0.004,115790.1,1.733,115807.9,1.049,115788.0,3.832,115809.9,0.380,115786.6,0.002,115811.3,0.005,115786.0,6.145,115811.6,0.060,115783.8,5.555,115812.0,0.016,115782.0,2.136,115814.1,4.901,115780.9,0.002,115816.2,4.471,115780.1,5.493,115818.3,2.108,115778.3,4.685,115820.1,1.744
1757800458.46198,115798.4,0.021,115800.8,0.016,115796.6,7.758,115802.5,0.254,115796.0,1.310,115803.1,1.250,115795.4,0.001,115804.4,0.016,115794.6,0.016,115806.1,5.428,115792.8,5.854,115807.1,0.004,115790.9,1.311,115807.9,1.049,115788.8,1.775,115809.9,0.380,115786.6,0.018,115811.3,0.005,115784.4,4.620,115811.6,0.060,115782.2,6.655,115812.0,0.016,115780.9,0.002,115814.1,4.901,115780.0,0.755,115816.2,4.471,115778.1,3.004,115818.3,2.108,115777.2,0.002,115820.1,1.744
1757800458.5637243,115798.4,0.021,115800.8,0.016,115796.6,7.758,115802.5,0.254,115796.0,1.310,115803.1,1.250,115795.4,0.001,115804.4,0.016,115794.6,0.016,115806.1,5.428,115792.8,5.854,115807.9,1.049,115790.9,1.311,115809.9,0.380,115788.8,1.775,115811.3,0.005,115786.6,0.018,115811.6,0.060,115784.4,4.620,115812.0,0.016,115782.2,6.655,115814.1,4.901,115780.9,0.002,115816.2,4.471,115780.0,0.755,115818.3,2.108,115778.1,3.004,115820.1,1.744,115777.2,0.002,115822.0,7.105
1757800459.2673407,115798.4,0.021,115800.8,0.016,115796.6,7.758,115802.5,0.254,115796.0,1.310,115803.1,1.250,115795.4,0.001,115804.4,0.016,115794.6,0.016,115806.1,5.428,115792.8,5.854,115807.9,1.049,115790.9,1.311,115809.9,0.380,115788.8,1.775,115811.3,0.005,115786.6,0.018,115811.6,0.060,115784.4,4.620,115812.0,0.016,115782.2,6.655,115814.1,4.901,115780.9,0.002,115816.2,4.471,115780.7,0.002,115818.3,2.108,115780.0,0.755,115820.1,1.744,115778.1,3.004,115822.0,7.105
1757800459.5637684,115798.4,0.021,115800.8,0.016,115796.6,7.758,115802.5,0.254,115796.0,1.310,115803.1,1.250,115795.4,0.001,115804.4,0.016,115794.6,0.016,115806.1,5.428,115792.8,5.854,115807.9,1.049,115790.9,1.311,115809.9,0.380,115788.8,1.775,115811.3,0.005,115786.6,0.018,115811.6,0.040,115784.4,4.620,115812.0,0.016,115782.2,6.655,115814.1,4.901,115780.9,0.002,115816.2,4.471,115780.7,0.002,115818.3,2.108,115780.0,0.755,115820.1,1.744,115778.1,3.004,115822.0,7.105
1757800459.7651346,115798.4,0.021,115800.8,0.016,115796.6,7.758,115802.5,0.254,115796.0,1.310,115803.1,1.250,115795.4,0.001,115804.4,0.016,115794.6,0.016,115806.1,5.428,115792.8,5.854,115807.9,1.049,115790.9,1.311,115809.9,0.380,115788.8,1.775,115811.3,0.005,115786.6,0.018,115811.6,0.060,115784.4,4.620,115812.0,0.016,115782.2,6.655,115814.1,4.901,115780.9,0.002,115816.2,4.471,115780.7,0.002,115818.3,2.108,115780.0,0.755,115820.1,1.744,115778.1,3.004,115822.0,7.105
1757800460.8631995,115798.4,0.021,115800.8,0.080,115796.6,7.758,115802.5,0.318,115796.0,1.310,115803.1,2.500,115795.4,0.001,115804.2,6.315,115794.6,0.016,115804.4,0.016,115792.8,5.854,115806.0,4.549,115790.9,1.311,115806.1,5.428,115788.8,1.775,115807.8,2.251,115786.6,0.018,115807.9,1.049,115784.4,4.620,115809.8,0.318,115782.2,6.655,115809.9,0.380,115780.9,0.002,115811.3,0.005,115780.7,0.002,115811.6,0.060,115780.0,0.755,115811.7,3.996,115778.1,3.004,115812.0,0.016
1757800460.962511,115798.4,0.021,115800.8,0.064,115796.6,7.758,115802.5,0.064,115796.0,1.310,115803.1,1.250,115795.4,0.001,115804.2,6.315,115794.6,0.016,115806.0,4.549,115792.8,5.854,115807.8,2.251,115790.9,1.311,115809.8,0.318,115788.8,1.775,115811.3,0.005,115786.6,0.018,115811.6,0.060,115784.4,4.620,115811.7,3.996,115782.2,6.655,115813.6,0.400,115780.9,0.002,115815.4,3.106,115780.7,0.002,115817.4,0.064,115780.0,0.755,115819.4,5.243,115778.1,3.004,115821.5,3.786
1757800461.362647,115798.4,0.069,115800.8,0.064,115796.6,0.064,115802.5,0.064,115796.0,1.310,115803.1,1.250,115795.4,0.001,115804.2,6.315,115794.8,2.080,115806.0,4.549,115792.9,3.138,115807.8,2.251,115791.0,1.223,115809.8,0.318,115788.9,3.484,115811.3,0.005,115786.9,6.588,115811.6,0.060,115786.6,0.002,115811.7,3.996,115784.9,5.001,115813.6,0.400,115783.0,6.125,115815.4,3.106,115780.9,0.064,115817.4,0.064,115780.7,0.002,115819.4,5.243,115778.8,3.053,115821.5,3.786
1757800461.8616822,115798.4,0.069,115800.8,0.064,115796.6,0.064,115802.5,0.064,115796.0,1.310,115803.1,1.250,115795.4,0.001,115804.2,6.315,115794.8,2.080,115805.9,0.050,115792.9,3.138,115806.0,4.549,115791.0,1.223,115807.8,2.251,115788.9,3.484,115809.8,0.318,115786.9,6.588,115811.3,0.005,115786.6,0.002,115811.6,0.060,115784.9,5.001,115811.7,3.996,115783.0,6.125,115813.6,0.400,115780.9,0.064,115815.4,3.106,115780.7,0.002,115817.4,0.064,115778.8,3.053,115819.4,5.243
1757800463.7687263,115798.4,0.069,115800.8,9.018,115796.6,0.064,115802.5,0.424,115796.0,1.310,115803.1,2.500,115795.4,0.001,115804.2,6.315,115794.8,2.080,115804.6,0.048,115792.9,3.138,115805.9,0.050,115791.0,1.223,115806.0,4.549,115788.9,3.484,115806.3,5.023,115786.9,6.588,115807.8,2.251,115786.6,0.002,115808.0,0.048,115784.9,5.001,115809.8,0.318,115783.0,6.125,115810.1,7.140,115780.9,0.064,115811.3,0.005,115780.7,0.002,115811.6,0.060,115778.8,3.053,115811.7,3.996
1757800463.866272,115798.4,0.069,115800.8,8.954,115796.6,0.064,115802.5,0.360,115796.0,1.310,115803.1,1.250,115795.4,0.001,115804.6,0.048,115794.8,2.080,115805.9,0.050,115792.9,3.138,115806.3,5.023,115791.0,1.223,115808.0,0.048,115788.9,3.484,115810.1,7.140,115786.9,6.588,115811.3,0.005,115786.6,0.002,115811.6,0.060,115784.9,5.001,115812.2,5.659,115783.0,6.125,115814.3,0.048,115780.9,0.064,115816.4,5.953,115780.7,0.002,115818.5,2.888,115778.8,3.053,115820.2,7.375
1757800464.2663445,115798.4,3.612,115800.8,8.954,115796.6,1.605,115802.5,0.360,115796.0,1.310,115803.1,1.250,115795.4,0.001,115804.6,0.048,115794.4,0.048,115805.9,0.050,115792.6,5.627,115806.3,5.023,115790.8,0.048,115808.0,0.048,115788.6,0.563,115810.1,7.140,115786.6,0.002,115811.3,0.005,115786.4,6.479,115811.6,0.060,115784.2,0.048,115812.2,5.659,115782.0,5.512,115814.3,0.048,115780.7,0.002,115816.4,5.953,115779.8,4.914,115818.5,2.888,115778.0,6.834,115820.2,7.375
1757800464.8618462,115799.7,0.016,115800.8,8.954,115798.4,3.612,115802.5,0.360,115796.6,1.605,115803.1,1.250,115796.0,1.310,115804.6,0.048,115795.4,0.001,115805.9,0.050,115794.4,0.048,115806.3,5.023,115792.6,5.627,115808.0,0.048,115790.8,0.048,115810.1,7.140,115788.6,0.563,115811.3,0.005,115786.6,0.002,115811.6,0.060,115786.4,6.479,115812.2,5.659,115784.2,0.048,115814.3,0.048,115782.0,5.512,115816.4,5.953,115780.7,0.002,115818.5,2.888,115779.8,4.914,115820.2,7.375
1757800466.2632384,115799.7,0.016,115800.8,8.954,115798.4,3.612,115802.5,0.360,115796.6,1.605,115803.1,1.250,115796.0,1.310,115804.6,0.048,115795.4,0.001,115806.3,5.023,115794.4,0.048,115808.0,0.048,115792.6,5.627,115810.1,7.140,115790.8,0.048,115811.3,0.005,115788.6,0.563,115811.6,0.060,115786.6,0.002,115812.2,5.659,115786.4,6.479,115814.3,0.048,115784.2,0.048,115816.4,5.953,115782.0,5.512,115818.5,2.888,115780.7,0.002,115820.2,7.375,115779.8,4.914,115822.1,7.001
1757800466.6602542,115799.7,0.016,115800.8,8.954,115798.4,3.612,115802.5,0.360,115796.6,1.605,115803.1,1.250,115796.0,1.310,115804.6,0.048,115795.4,0.001,115806.3,5.023,115794.4,0.048,115808.0,0.048,115792.6,5.627,115810.1,7.140,115790.8,0.048,115811.3,0.005,115788.6,0.563,115811.6,0.060,115786.6,0.002,115812.2,5.659,115786.4,6.479,115814.3,0.048,115784.2,0.048,115816.4,5.953,115782.0,5.512,115818.5,2.888,115779.8,4.914,115820.2,7.375,115778.0,6.834,115822.1,7.001
1757800466.7615254,115799.7,0.016,115800.8,8.946,115798.4,3.607,115802.5,2.140,115796.6,1.605,115803.1,1.250,115796.0,1.310,115804.5,0.016,115795.4,0.001,115806.3,2.508,115794.4,0.048,115808.4,2.160,115792.6,5.627,115810.5,0.016,115790.8,0.048,115811.3,0.005,115788.6,0.563,115811.6,0.060,115786.6,0.002,115812.4,0.016,115786.4,6.479,115814.3,6.492,115784.2,0.048,115816.2,6.134,115782.0,5.512,115817.9,5.310,115779.8,4.914,115819.6,1.363,115778.0,6.834,115821.7,4.486
1757800466.8645964,115799.7,0.016,115800.8,8.946,115798.4,1.035,115802.5,2.140,115796.6,0.236,115803.1,1.250,115796.0,1.310,115804.5,0.016,115795.4,0.001,115806.3,2.508,115794.5,0.016,115808.4,2.160,115792.6,4.343,115810.5,0.016,115790.4,4.230,115811.3,0.005,115788.2,0.016,115811.6,0.060,115786.6,0.002,115812.4,0.016,115786.2,0.016,115814.3,6.492,115784.2,5.639,115816.2,6.134,115782.2,4.283,115817.9,5.310,115780.4,3.196,115819.6,1.363,115778.6,2.850,115821.7,4.486
1757800467.1631331,115799.7,0.016,115800.8,8.946,115798.4,1.035,115802.5,2.140,115796.6,0.236,115803.1,1.250,115796.0,1.310,115804.1,0.050,115795.4,0.001,115804.5,0.016,115794.5,0.016,115806.3,2.508,115792.6,4.343,115808.4,2.160,115790.4,4.230,115810.5,0.016,115788.2,0.016,115811.3,0.005,115786.6,0.002,115811.6,0.060,115786.2,0.016,115812.4,0.016,115784.2,5.639,115814.3,6.492,115782.2,4.283,115816.2,6.134,115780.4,3.196,115817.9,5.310,115778.6,2.850,115819.6,1.363
1757800467.3622196,115799.7,0.016,115800.8,8.946,115798.4,1.035,115802.5,2.140,115796.6,0.236,115803.1,1.250,115796.0,1.310,115804.1,0.050,115795.4,0.001,115804.5,0.016,115794.5,0.016,115806.3,2.508,115792.6,4.343,115808.4,2.160,115790.4,4.230,115810.5,0.016,115788.2,0.016,115811.3,0.005,115786.6,0.002,115811.6,0.060,115786.2,0.016,115812.4,0.016,115784.2,5.639,115814.3,6.492,115782.2,4.283,115816.2,6.134,115780.7,0.002,115817.9,5.310,115780.4,3.196,115819.6,1.363
1757800467.7768042,115799.7,0.021,115800.8,8.946,115798.4,1.035,115802.5,2.140,115796.6,0.236,115803.1,1.250,115796.0,1.310,115804.1,0.050,115795.4,0.001,115804.5,0.016,115794.5,0.016,115806.3,2.508,115792.6,4.343,115808.4,2.160,115790.4,4.230,115810.5,0.016,115788.2,0.016,115811.3,0.005,115786.6,0.002,115811.6,0.060,115786.2,0.016,115812.4,0.016,115784.2,5.639,115814.3,6.492,115782.2,4.283,115816.2,6.134,115780.7,0.002,115817.9,5.310,115780.4,3.196,115819.6,1.363
1757800469.0613298,115799.7,0.021,115800.8,0.040,115798.4,1.035,115802.5,0.968,115796.6,0.236,115803.1,1.250,115796.0,1.310,115804.1,0.050,115795.4,0.001,115804.6,5.655,115794.5,0.016,115806.4,2.699,115792.6,4.343,115808.1,0.359,115790.4,4.230,115809.8,2.273,115788.2,0.016,115811.3,0.005,115786.6,0.002,115811.6,5.311,115786.2,0.016,115813.7,0.317,115784.2,5.639,115815.8,0.040,115782.2,4.283,115817.9,0.040,115780.7,0.002,115819.8,5.556,115780.4,3.196,115821.6,0.640
1757800469.161221,115799.7,0.021,115800.8,0.040,115798.4,0.040,115802.5,0.968,115796.6,4.097,115803.1,1.250,115796.0,1.310,115804.1,0.050,115795.4,0.001,115804.6,5.655,115794.4,3.853,115806.4,2.699,115792.5,0.821,115808.1,0.359,115790.7,7.278,115809.8,2.273,115788.9,5.894,115811.3,0.005,115787.0,1.490,115811.6,5.311,115786.6,0.002,115813.7,0.317,115784.8,4.144,115815.8,0.040,115782.6,0.040,115817.9,0.040,115780.7,0.002,115819.8,5.556,115780.4,0.040,115821.6,0.640
1757800469.5643384,115799.7,0.021,115800.8,0.040,115798.4,0.040,115802.5,0.968,115796.6,4.097,115803.1,1.250,115796.0,1.310,115804.6,5.655,115795.4,0.001,115806.4,2.699,115794.4,3.853,115808.1,0.359,115792.5,0.821,115809.8,2.273,115790.7,7.278,115811.3,0.005,115788.9,5.894,115811.6,5.311,115787.0,1.490,115813.7,0.317,115786.6,0.002,115815.8,0.040,115784.8,4.144,115817.9,0.040,115782.6,0.040,115819.8,5.556,115780.7,0.002,115821.6,0.640,115780.4,0.040,115823.7,4.289
1757800470.0610363,115799.7,0.021,115800.8,0.040,115798.4,0.040,115802.5,0.968,115796.6,4.097,115803.1,1.250,115796.0,1.310,115804.6,5.655,115795.4,0.001,115806.4,2.699,115794.4,3.853,115808.1,0.359,115792.5,0.821,115809.8,2.273,115790.7,7.278,115811.3,0.005,115788.9,5.894,115811.6,5.311,115787.0,1.490,115813.7,0.317,115786.6,0.002,115815.8,0.040,115784.8,4.144,115817.9,0.040,115782.6,0.040,115819.8,5.556,115780.8,0.002,115821.6,0.640,115780.7,0.002,115823.7,4.289
1757800470.561583,115799.7,0.021,115800.8,0.040,115798.4,0.040,115802.5,0.968,115796.6,4.097,115803.1,1.250,115796.0,1.310,115804.6,5.655,115795.4,0.001,115806.4,2.699,115794.4,3.853,115808.1,0.359,115792.5,0.821,115809.8,2.273,115790.7,7.278,115811.3,0.005,115788.9,5.894,115811.6,5.311,115787.0,1.490,115813.7,0.317,115786.6,0.002,115815.8,0.040,115784.8,4.144,115817.9,0.040,115782.6,0.040,115819.8,5.556,115780.8,0.002,115821.6,0.640,115780.4,0.040,115823.7,4.289
1757800470.7636352,115799.7,0.021,115800.8,0.040,115798.4,0.040,115802.4,0.050,115796.6,4.097,115802.5,0.968,115796.0,1.310,115803.1,1.250,115795.4,0.001,115804.6,5.655,115794.4,3.853,115806.4,2.699,115792.5,0.821,115808.1,0.359,115790.7,7.278,115809.8,2.273,115788.9,5.894,115811.3,0.005,115787.0,1.490,115811.6,5.311,115786.6,0.002,115813.7,0.317,115784.8,4.144,115815.8,0.040,115782.6,0.040,115817.9,0.040,115780.8,0.002,115819.8,5.556,115780.4,0.040,115821.6,0.640
1757800471.3692021,115799.7,0.021,115800.8,3.831,115798.4,0.040,115802.4,0.050,115796.6,4.097,115802.5,0.024,115796.0,1.310,115803.1,1.250,115795.4,0.001,115804.2,4.745,115794.4,3.853,115805.9,0.024,115792.5,0.821,115808.0,6.388,115790.7,7.278,115809.8,0.024,115788.9,5.894,115811.3,0.005,115787.0,1.490,115811.6,0.060,115786.6,0.002,115811.8,6.922,115784.8,4.144,115813.9,6.846,115782.6,0.040,115816.0,4.100,115780.8,0.002,115818.0,6.219,115780.4,0.040,115819.7,4.706
1757800471.4627025,115799.7,0.021,115800.8,3.831,115798.4,5.405,115802.4,0.050,115796.6,0.024,115802.5,0.024,115796.0,1.310,115803.1,1.250,115795.4,0.001,115804.2,4.745,115794.8,0.935,115805.9,0.024,115793.0,0.024,115808.0,6.388,115790.8,5.936,115809.8,0.024,115788.9,0.024,115811.3,0.005,115786.8,3.849,115811.6,0.060,115786.6,0.002,115811.8,6.922,115784.6,2.263,115813.9,6.846,115782.4,2.315,115816.0,4.100,115780.8,0.002,115818.0,6.219,115780.3,3.704,115819.7,4.706
1757800473.6635714,115799.7,0.021,115800.8,6.351,115798.4,5.405,115802.4,0.050,115796.6,0.024,115802.5,6.025,115796.0,1.310,115803.1,1.250,115795.4,0.001,115804.4,4.346,115794.8,0.935,115806.4,0.024,115793.0,0.024,115808.1,0.024,115790.8,5.936,115810.0,5.125,115788.9,0.024,115811.3,0.005,115786.8,3.849,115811.6,0.060,115786.6,0.002,115811.9,0.024,115784.6,2.263,115813.9,3.217,115782.4,2.315,115815.7,2.763,115780.8,0.002,115817.6,6.140,115780.3,3.704,115819.3,5.461
1757800473.7620525,115799.7,0.021,115800.8,6.351,115798.4,9.250,115802.4,0.050,115796.6,4.268,115802.5,6.025,115796.0,2.560,115803.1,1.250,115795.4,0.001,115804.4,4.346,115794.8,0.935,115806.4,0.024,115794.6,6.409,115808.1,0.024,115793.0,0.024,115810.0,5.125,115792.5,0.024,115811.3,0.005,115790.8,5.936,115811.6,0.060,115790.7,0.024,115811.9,0.024,115788.9,0.024,115813.9,3.217,115788.7,2.663,115815.7,2.763,115786.8,3.849,115817.6,6.140,115786.7,0.024,115819.3,5.461
1757800473.8651717,115799.7,0.021,115800.8,6.351,115798.4,3.845,115802.4,0.050,115796.6,4.244,115802.5,6.025,115796.0,1.310,115803.1,1.250,115795.4,0.001,115804.4,4.346,115794.6,6.409,115806.4,0.024,115792.5,0.024,115808.1,0.024,115790.7,0.024,115810.0,5.125,115788.7,2.663,115811.3,0.005,115786.7,0.024,115811.6,0.060,115786.6,0.002,115811.9,0.024,115784.6,1.877,115813.9,3.217,115782.7,3.928,115815.7,2.763,115780.7,3.593,115817.6,6.140,115778.9,7.488,115819.3,5.461
1757800474.2633877,115799.7,0.021,115800.8,6.351,115798.4,3.845,115802.5,6.025,115796.6,4.244,115803.1,1.250,115796.0,1.310,115804.4,4.346,115795.4,0.001,115806.4,0.024,115794.6,6.409,115808.1,0.024,115792.5,0.024,115810.0,5.125,115790.7,0.024,115811.3,0.005,115788.7,2.663,115811.6,0.060,115786.7,0.024,115811.9,0.024,115786.6,0.002,115813.9,3.217,115784.6,1.877,115815.7,2.763,115782.7,3.928,115817.6,6.140,115780.7,3.593,115819.3,5.461,115778.9,7.488,115821.4,2.395
1757800475.1600392,115799.7,0.021,115800.8,6.351,115798.4,3.845,115802.5,6.025,115796.6,4.244,115803.1,1.250,115796.0,1.310,115804.3,0.050,115795.4,0.001,115804.4,4.346,115794.6,6.409,115806.4,0.024,115792.5,0.024,115808.1,0.024,115790.7,0.024,115810.0,5.125,115788.7,2.663,115811.3,0.005,115786.7,0.024,115811.6,0.060,115786.6,0.002,115811.9,0.024,115784.6,1.877,115813.9,3.217,115782.7,3.928,115815.7,2.763,115780.7,3.593,115817.6,6.140,115778.9,7.488,115819.3,5.461
1757800475.271264,115799.7,0.021,115800.8,6.351,115798.4,3.845,115802.5,6.025,115796.6,4.244,115803.1,1.250,115796.0,1.310,115804.3,0.050,115795.4,0.001,115804.4,4.346,115794.6,6.409,115806.4,0.024,115792.5,0.024,115808.1,0.024,115790.7,0.024,115810.0,5.125,115788.7,2.663,115811.3,0.005,115786.7,0.024,115811.6,0.080,115786.6,0.002,115811.9,0.024,115784.6,1.877,115813.9,3.217,115782.7,3.928,115815.7,2.763,115780.7,3.593,115817.6,6.140,115778.9,7.488,115819.3,5.461
1757800475.465219,115799.7,0.021,115800.8,6.351,115798.4,3.845,115802.5,6.025,115796.6,4.244,115803.1,1.250,115796.0,1.310,115804.3,0.050,115795.4,0.001,115804.4,4.346,115794.6,6.409,115806.4,0.024,115792.5,0.024,115808.1,0.024,115790.7,0.024,115810.0,5.125,115788.7,2.663,115811.3,0.005,115786.7,0.024,115811.6,0.080,115786.6,0.002,115811.9,0.024,115784.6,1.877,115813.9,3.217,115782.7,3.928,115815.7,2.763,115781.0,0.002,115817.6,6.140,115780.7,3.593,115819.3,5.461
1757800475.9611516,115799.7,0.021,115800.8,0.016,115798.4,3.845,115802.5,0.585,115796.6,4.244,115803.1,1.250,115796.0,1.310,115804.3,0.050,115795.4,0.001,115804.6,2.983,115794.6,6.409,115806.3,0.016,115792.5,0.024,115808.0,2.215,115790.7,0.024,115810.1,0.016,115788.7,2.663,115811.3,0.005,115786.7,0.024,115811.6,0.080,115786.6,0.002,115812.1,6.324,115784.6,1.877,115814.1,3.999,115782.7,3.928,115815.9,5.139,115781.0,0.002,115817.8,3.329,115780.7,3.593,115819.8,3.562
1757800476.0606284,115799.7,0.021,115800.8,0.016,115798.4,3.861,115802.5,0.585,115796.6,7.381,115803.1,1.250,115796.0,2.560,115804.3,0.050,115795.4,0.001,115804.6,2.983,115794.6,6.409,115806.3,0.016,115794.4,5.929,115808.0,2.215,115792.6,0.016,115810.1,0.016,115792.5,0.024,115811.3,0.005,115790.8,7.332,115811.6,0.080,115790.7,0.024,115812.1,6.324,115788.7,2.663,115814.1,3.999,115788.6,0.016,115815.9,5.139,115786.7,0.024,115817.8,3.329,115786.6,0.002,115819.8,3.562
1757800476.1629124,115799.7,0.021,115800.8,0.016,115798.4,0.016,115802.5,0.585,115796.6,3.137,115803.1,1.250,115796.0,1.310,115804.3,0.050,115795.4,0.001,115804.6,2.983,115794.4,5.929,115806.3,0.016,115792.6,0.016,115808.0,2.215,115790.8,7.332,115810.1,0.016,115788.6,0.016,115811.3,0.005,115786.6,0.002,115811.6,0.080,115786.5,4.174,115812.1,6.324,115784.4,3.071,115814.1,3.999,115782.5,7.195,115815.9,5.139,115781.0,0.002,115817.8,3.329,115780.5,5.985,115819.8,3.562
1757800477.2640202,115799.7,0.021,115800.8,0.016,115798.4,0.016,115802.5,0.585,115796.6,3.137,115803.1,1.250,115796.0,1.310,115804.6,2.983,115795.4,0.001,115806.3,0.016,115794.4,5.929,115808.0,2.215,115792.6,0.016,115810.1,0.016,115790.8,7.332,115811.3,0.005,115788.6,0.016,115811.6,0.080,115786.6,0.002,115812.1,6.324,115786.5,4.174,115814.1,3.999,115784.4,3.071,115815.9,5.139,115782.5,7.195,115817.8,3.329,115781.0,0.002,115819.8,3.562,115780.5,5.985,115821.6,4.928
1757800478.2613788,115799.7,0.021,115800.8,0.032,115798.4,0.016,115802.5,0.601,115796.6,3.137,115803.1,2.500,115796.0,1.310,115804.6,3.734,115795.4,0.001,115806.3,0.016,115794.4,5.929,115806.7,5.291,115792.6,0.016,115808.0,2.215,115790.8,7.332,115808.8,1.372,115788.6,0.016,115810.1,0.016,115786.6,0.002,115810.6,0.016,115786.5,4.174,115811.3,0.005,115784.4,3.071,115811.6,0.080,115782.5,7.195,115812.1,6.324,115781.0,0.002,115812.6,7.472,115780.5,5.985,115814.1,3.999
1757800478.3624253,115799.7,0.021,115800.8,0.016,115798.4,0.032,115802.5,0.016,115796.6,3.153,115803.1,1.250,115796.0,2.560,115804.6,0.751,115795.4,0.001,115806.7,5.291,115794.4,10.858,115808.8,1.372,115792.6,0.016,115810.6,0.016,115792.2,2.438,115811.3,0.005,115790.8,7.332,115811.6,0.080,115790.0,7.539,115812.6,7.472,115788.6,0.016,115814.7,7.785,115788.1,0.016,115816.4,6.095,115786.6,0.002,115818.3,5.652,115786.5,4.174,115820.4,2.012,115786.0,1.245,115822.2,3.760
1757800478.4608395,115799.7,0.021,115800.8,0.016,115798.4,0.016,115802.5,0.016,115796.6,0.016,115803.1,1.250,115796.0,1.310,115804.6,0.751,115795.4,0.001,115806.7,5.291,115794.4,4.929,115808.8,1.372,115792.2,2.438,115810.6,0.016,115790.0,7.539,115811.3,0.005,115788.1,0.016,115811.6,0.080,115786.6,0.002,115812.6,7.472,115786.0,1.245,115814.7,7.785,115783.8,3.102,115816.4,6.095,115782.0,3.132,115818.3,5.652,115781.0,0.002,115820.4,2.012,115780.9,0.002,115822.2,3.760
1757800478.761894,115800.4,0.016,115800.8,0.016,115799.7,0.005,115802.5,0.016,115798.4,0.016,115803.1,1.250,115796.6,0.016,115804.6,0.751,115796.0,1.310,115806.7,5.291,115795.4,0.001,115808.8,1.372,115794.4,4.929,115810.6,0.016,115792.2,2.438,115811.3,0.005,115790.0,7.539,115811.6,0.080,115788.1,0.016,115812.6,7.472,115786.6,0.002,115814.7,7.785,115786.0,1.245,115816.4,6.095,115783.8,3.102,115818.3,5.652,115782.0,3.132,115820.4,2.012,115780.9,0.002,115822.2,3.760
1757800479.8597524,115800.4,0.016,115800.8,0.016,115798.4,0.016,115802.5,0.016,115796.6,0.016,115803.1,1.250,115796.0,1.310,115804.6,0.751,115795.4,0.001,115806.7,5.291,115794.4,4.929,115808.8,1.372,115792.2,2.438,115810.6,0.016,115790.0,7.539,115811.3,0.005,115788.1,0.016,115811.6,0.080,115786.6,0.002,115812.6,7.472,115786.0,1.245,115814.7,7.785,115783.8,3.102,115816.4,6.095,115782.0,3.132,115818.3,5.652,115780.9,0.002,115820.4,2.012,115780.0,7.203,115822.2,3.760
1757800480.6644635,115800.4,0.016,115800.8,0.591,115798.4,0.016,115802.5,0.024,115796.6,0.016,115803.1,1.250,115796.0,1.310,115804.6,0.024,115795.4,0.001,115806.4,0.024,115794.4,4.929,115808.3,1.830,115792.2,2.438,115810.0,3.598,115790.0,7.539,115811.3,0.005,115788.1,0.016,115811.6,0.080,115786.6,0.002,115812.1,6.153,115786.0,1.245,115814.2,5.947,115783.8,3.102,115816.0,0.360,115782.0,3.132,115818.0,6.932,115780.9,0.002,115819.8,7.898,115780.0,7.203,115821.5,6.708
1757800480.7620392,115800.4,0.016,115800.8,0.591,115798.4,11.568,115802.5,0.024,115796.6,0.024,115803.1,1.250,115796.0,1.310,115804.6,0.024,115795.4,0.001,115806.4,0.024,115794.4,0.024,115808.3,1.830,115792.5,0.024,115810.0,3.598,115790.5,4.335,115811.3,0.005,115788.7,4.050,115811.6,0.080,115786.6,0.002,115812.1,6.153,115786.5,5.151,115814.2,5.947,115784.3,1.701,115816.0,0.360,115782.4,0.923,115818.0,6.932,115780.9,0.002,115819.8,7.898,115780.3,0.481,115821.5,6.708
