timestamp,bid_1_price,bid_1_size,bid_2_price,bid_2_size,bid_3_price,bid_3_size,bid_4_price,bid_4_size,bid_5_price,bid_5_size,bid_6_price,bid_6_size,bid_7_price,bid_7_size,bid_8_price,bid_8_size,bid_9_price,bid_9_size,bid_10_price,bid_10_size,bid_11_price,bid_11_size,bid_12_price,bid_12_size,bid_13_price,bid_13_size,bid_14_price,bid_14_size,bid_15_price,bid_15_size,ask_1_price,ask_1_size,ask_2_price,ask_2_size,ask_3_price,ask_3_size,ask_4_price,ask_4_size,ask_5_price,ask_5_size,ask_6_price,ask_6_size,ask_7_price,ask_7_size,ask_8_price,ask_8_size,ask_9_price,ask_9_size,ask_10_price,ask_10_size,ask_11_price,ask_11_size,ask_12_price,ask_12_size,ask_13_price,ask_13_size,ask_14_price,ask_14_size,ask_15_price,ask_15_size
1757800369.2722602,4656.60,16.51,4656.65,21.23,4656.57,21.22,4656.74,22.98,4656.47,26.25,4656.83,22.36,4656.37,23.08,4656.95,23.78,4656.24,36.24,4657.05,24.46,4656.13,21.34,4657.15,26.21,4656.02,32.16,4657.25,23.46,4655.91,23.87,4657.38,25.19,4655.77,32.47,4657.44,0.40,4655.65,27.70,4657.49,35.13,4655.55,25.43,4657.54,0.14,4655.50,0.50,4657.58,29.29,4655.45,0.03,4657.64,0.94,4655.44,30.70,4657.68,25.74,4655.32,27.46,4657.79,23.07
1757800370.562342,4656.60,16.51,4656.65,51.39,4656.57,21.22,4656.74,55.96,4656.47,26.25,4656.83,22.36,4656.37,23.08,4656.86,19.56,4656.24,36.24,4656.95,47.80,4656.13,21.34,4657.05,55.04,4656.02,32.16,4657.15,26.21,4655.91,23.87,4657.18,21.22,4655.77,32.47,4657.25,23.46,4655.65,27.70,4657.29,26.78,4655.55,25.43,4657.38,25.19,4655.50,0.50,4657.42,34.45,4655.45,0.03,4657.44,0.40,4655.44,30.70,4657.49,35.13,4655.32,27.46,4657.53,20.63
1757800370.66255,4656.60,16.51,4656.65,30.16,4656.57,21.22,4656.74,32.98,4656.47,26.25,4656.86,19.56,4656.37,23.08,4656.95,24.02,4656.24,36.24,4657.05,30.58,4656.13,21.34,4657.18,21.22,4656.02,32.16,4657.29,26.78,4655.91,23.87,4657.42,34.45,4655.77,32.47,4657.44,0.40,4655.65,27.70,4657.53,20.63,4655.55,25.43,4657.54,0.14,4655.50,0.50,4657.62,33.63,4655.45,0.03,4657.64,0.94,4655.44,30.70,4657.71,35.93,4655.32,27.46,4657.80,26.89
1757800370.7605386,4656.60,16.51,4656.65,30.16,4656.57,26.16,4656.74,32.98,4656.47,31.84,4656.86,19.56,4656.34,28.93,4656.95,24.02,4656.24,31.97,4657.05,30.58,4656.13,31.18,4657.18,21.22,4655.99,28.76,4657.29,26.78,4655.87,34.41,4657.42,34.45,4655.73,21.81,4657.44,0.40,4655.61,30.39,4657.53,20.63,4655.51,35.72,4657.54,0.14,4655.50,0.50,4657.62,33.63,4655.45,0.03,4657.64,0.94,4655.41,21.78,4657.71,35.93,4655.31,23.07,4657.80,26.89
1757800371.0606601,4656.60,16.51,4656.86,19.56,4656.57,26.16,4656.95,24.02,4656.47,31.84,4657.05,30.58,4656.34,28.93,4657.18,21.22,4656.24,31.97,4657.29,26.78,4656.13,31.18,4657.42,34.45,4655.99,28.76,4657.44,0.40,4655.87,34.41,4657.53,20.63,4655.73,21.81,4657.54,0.14,4655.61,30.39,4657.62,33.63,4655.51,35.72,4657.64,0.94,4655.50,0.50,4657.71,35.93,4655.45,0.03,4657.80,26.89,4655.41,21.78,4657.84,0.20,4655.31,23.07,4657.93,33.84
1757800371.163917,4656.77,29.97,4656.86,19.56,4656.67,25.68,4656.95,24.02,4656.60,16.51,4657.05,30.58,4656.57,26.16,4657.18,21.22,4656.47,31.84,4657.29,26.78,4656.34,28.93,4657.42,34.45,4656.24,31.97,4657.44,0.40,4656.13,31.18,4657.53,20.63,4655.99,28.76,4657.54,0.14,4655.87,34.41,4657.62,33.63,4655.73,21.81,4657.64,0.94,4655.61,30.39,4657.71,35.93,4655.51,35.72,4657.80,26.89,4655.50,0.50,4657.84,0.20,4655.45,0.03,4657.93,33.84
1757800371.2630875,4657.33,33.25,4657.44,0.40,4657.23,33.09,4657.53,20.63,4657.11,20.00,4657.54,0.14,4656.97,23.39,4657.62,33.63,4656.85,20.87,4657.64,0.94,4656.77,29.97,4657.71,35.93,4656.67,25.68,4657.80,26.89,4656.60,16.51,4657.84,0.20,4656.57,26.16,4657.93,33.84,4656.47,31.84,4658.03,26.79,4656.34,28.93,4658.16,26.45,4656.24,31.97,4658.27,29.23,4656.13,31.18,4658.39,29.70,4655.99,28.76,4658.48,0.74,4655.87,34.41,4658.49,21.25
1757800371.3628836,4657.48,20.86,4657.54,0.14,4657.38,22.31,4657.62,33.63,4657.33,33.25,4657.64,0.94,4657.23,33.09,4657.71,35.93,4657.11,20.00,4657.80,26.89,4656.97,23.39,4657.84,0.20,4656.85,20.87,4657.93,33.84,4656.77,29.97,4658.03,26.79,4656.67,25.68,4658.16,26.45,4656.60,16.51,4658.27,29.23,4656.57,26.16,4658.39,29.70,4656.47,31.84,4658.48,0.74,4656.34,28.93,4658.49,21.25,4656.24,31.97,4658.51,0.06,4656.13,31.18,4658.54,0.02
1757800372.5615315,4657.53,0.40,4657.54,0.14,4657.48,20.86,4657.62,33.63,4657.38,22.31,4657.64,0.94,4657.33,33.25,4657.71,35.93,4657.23,33.09,4657.80,26.89,4657.11,20.00,4657.84,0.20,4656.97,23.39,4657.93,33.84,4656.85,20.87,4658.03,26.79,4656.77,29.97,4658.16,26.45,4656.67,25.68,4658.27,29.23,4656.60,16.51,4658.39,29.70,4656.57,26.16,4658.48,0.74,4656.47,31.84,4658.49,21.25,4656.34,28.93,4658.51,0.06,4656.24,31.97,4658.54,0.02
1757800373.5630913,4657.53,0.40,4657.54,0.14,4657.48,20.86,4657.56,35.58,4657.38,22.31,4657.64,0.94,4657.33,33.25,4657.65,23.20,4657.23,33.09,4657.77,24.52,4657.11,20.00,4657.84,0.20,4656.97,23.39,4657.88,25.10,4656.85,20.87,4657.97,21.27,4656.77,29.97,4658.07,31.36,4656.67,25.68,4658.16,27.39,4656.60,16.51,4658.27,21.47,4656.57,26.16,4658.37,26.83,4656.47,31.84,4658.46,25.36,4656.34,28.93,4658.48,0.74,4656.24,31.97,4658.51,0.06
1757800373.6619475,4657.53,0.40,4657.54,0.14,4657.48,24.63,4657.56,35.58,4657.38,24.01,4657.64,0.94,4657.25,35.05,4657.65,23.20,4657.13,34.55,4657.77,24.52,4657.03,32.25,4657.84,0.20,4656.92,34.97,4657.88,25.10,4656.82,32.47,4657.97,21.27,4656.70,29.49,4658.07,31.36,4656.60,16.51,4658.16,27.39,4656.59,20.21,4658.27,21.47,4656.49,25.12,4658.37,26.83,4656.47,2.04,4658.46,25.36,4656.39,20.63,4658.48,0.74,4656.26,34.20,4658.51,0.06
1757800374.261967,4657.54,30.77,4657.64,0.94,4657.53,0.40,4657.65,23.20,4657.48,24.63,4657.77,24.52,4657.38,24.01,4657.84,0.20,4657.25,35.05,4657.88,25.10,4657.13,34.55,4657.97,21.27,4657.03,32.25,4658.07,31.36,4656.92,34.97,4658.16,27.39,4656.82,32.47,4658.27,21.47,4656.70,29.49,4658.37,26.83,4656.60,16.51,4658.46,25.36,4656.59,20.21,4658.48,0.74,4656.49,25.12,4658.51,0.06,4656.47,2.04,4658.54,0.02,4656.39,20.63,4658.55,35.39
1757800374.3604858,4657.56,29.71,4657.64,23.21,4657.54,30.77,4657.65,23.20,4657.53,0.40,4657.77,24.52,4657.48,24.63,4657.84,0.20,4657.38,24.01,4657.88,25.10,4657.25,35.05,4657.97,21.27,4657.13,34.55,4658.07,31.36,4657.03,32.25,4658.16,27.39,4656.92,34.97,4658.27,21.47,4656.82,32.47,4658.37,26.83,4656.70,29.49,4658.46,25.36,4656.60,16.51,4658.48,0.74,4656.59,20.21,4658.51,0.06,4656.49,25.12,4658.54,0.02,4656.47,2.04,4658.55,35.39
1757800374.4836633,4657.56,29.71,4657.64,0.94,4657.54,30.77,4657.84,0.20,4657.53,0.40,4657.88,25.10,4657.48,24.63,4657.97,21.27,4657.38,24.01,4658.07,31.36,4657.25,35.05,4658.16,27.39,4657.13,34.55,4658.27,21.47,4657.03,32.25,4658.37,26.83,4656.92,34.97,4658.46,25.36,4656.82,32.47,4658.48,0.74,4656.70,29.49,4658.51,0.06,4656.60,16.51,4658.54,0.02,4656.59,20.21,4658.55,35.39,4656.49,25.12,4658.56,0.04,4656.47,2.04,4658.61,0.27
1757800374.6622624,4657.72,30.68,4657.84,0.20,4657.62,26.97,4657.88,25.10,4657.56,29.71,4657.97,21.27,4657.54,30.77,4658.07,31.36,4657.53,0.40,4658.16,27.39,4657.48,24.63,4658.27,21.47,4657.38,24.01,4658.37,26.83,4657.25,35.05,4658.46,25.36,4657.13,34.55,4658.48,0.74,4657.03,32.25,4658.51,0.06,4656.92,34.97,4658.54,0.02,4656.82,32.47,4658.55,35.39,4656.70,29.49,4658.56,0.04,4656.60,16.51,4658.61,0.27,4656.59,20.21,4658.67,21.85
1757800374.9611819,4657.80,19.85,4657.84,0.20,4657.72,30.68,4657.88,25.10,4657.62,26.97,4657.97,21.27,4657.56,29.71,4658.07,31.36,4657.54,30.77,4658.16,27.39,4657.53,0.40,4658.27,21.47,4657.48,24.63,4658.37,26.83,4657.38,24.01,4658.46,25.36,4657.25,35.05,4658.48,0.74,4657.13,34.55,4658.51,0.06,4657.03,32.25,4658.54,0.02,4656.92,34.97,4658.55,35.39,4656.82,32.47,4658.56,0.04,4656.70,29.49,4658.61,0.27,4656.60,16.51,4658.67,21.85
1757800375.5600915,4657.80,19.85,4657.84,0.20,4657.72,30.68,4657.88,25.10,4657.63,0.12,4657.97,21.27,4657.62,26.97,4658.07,31.36,4657.56,29.71,4658.16,27.39,4657.54,30.77,4658.27,21.47,4657.53,0.40,4658.37,26.83,4657.48,24.63,4658.46,25.36,4657.38,24.01,4658.48,0.74,4657.25,35.05,4658.51,0.06,4657.13,34.55,4658.54,0.02,4657.03,32.25,4658.55,35.39,4656.92,34.97,4658.56,0.04,4656.82,32.47,4658.61,0.27,4656.70,29.49,4658.67,21.85
1757800375.9641025,4657.83,0.94,4657.84,0.20,4657.80,19.85,4657.88,25.10,4657.72,30.68,4657.97,21.27,4657.63,0.12,4658.07,31.36,4657.62,26.97,4658.16,27.39,4657.56,29.71,4658.27,21.47,4657.54,30.77,4658.37,26.83,4657.53,0.40,4658.46,25.36,4657.48,24.63,4658.48,0.74,4657.38,24.01,4658.51,0.06,4657.25,35.05,4658.54,0.02,4657.13,34.55,4658.55,35.39,4657.03,32.25,4658.56,0.04,4656.92,34.97,4658.61,0.27,4656.82,32.47,4658.67,21.85
1757800376.2616417,4657.83,0.96,4657.84,0.20,4657.80,19.85,4657.88,25.10,4657.72,30.68,4657.97,21.27,4657.63,0.12,4658.07,31.36,4657.62,26.97,4658.16,27.39,4657.56,29.71,4658.27,21.47,4657.54,30.77,4658.37,26.83,4657.53,0.40,4658.46,25.36,4657.48,24.63,4658.48,0.74,4657.38,24.01,4658.51,0.06,4657.25,35.05,4658.54,0.02,4657.13,34.55,4658.55,35.39,4657.03,32.25,4658.56,0.04,4656.92,34.97,4658.61,0.27,4656.82,32.47,4658.67,21.85
1757800377.2611048,4657.83,0.96,4657.84,0.20,4657.80,19.85,4657.88,27.22,4657.72,30.68,4657.97,35.82,4657.63,0.12,4658.07,30.44,4657.62,26.97,4658.20,35.08,4657.56,29.71,4658.31,24.51,4657.54,30.77,4658.40,35.98,4657.53,0.40,4658.48,0.74,4657.48,24.63,4658.50,22.91,4657.38,24.01,4658.51,0.06,4657.25,35.05,4658.54,0.02,4657.13,34.55,4658.56,0.04,4657.03,32.25,4658.61,0.27,4656.92,34.97,4658.62,27.47,4656.82,32.47,4658.71,30.30
1757800377.3628125,4657.83,0.96,4657.84,0.20,4657.80,30.37,4657.88,27.22,4657.70,20.07,4657.97,35.82,4657.63,0.12,4658.07,30.44,4657.59,32.16,4658.20,35.08,4657.53,0.40,4658.31,24.51,4657.45,29.21,4658.40,35.98,4657.33,36.25,4658.48,0.74,4657.23,24.14,4658.50,22.91,4657.12,28.35,4658.51,0.06,4656.99,36.18,4658.54,0.02,4656.89,25.58,4658.56,0.04,4656.75,34.10,4658.61,0.27,4656.63,28.10,4658.62,27.47,4656.60,16.51,4658.71,30.30
1757800379.4651532,4657.83,0.96,4657.88,27.22,4657.80,30.37,4657.97,35.82,4657.70,20.07,4658.07,30.44,4657.63,0.12,4658.20,35.08,4657.59,32.16,4658.31,24.51,4657.53,0.40,4658.40,35.98,4657.45,29.21,4658.48,0.74,4657.33,36.25,4658.50,22.91,4657.23,24.14,4658.51,0.06,4657.12,28.35,4658.54,0.02,4656.99,36.18,4658.56,0.04,4656.89,25.58,4658.61,0.27,4656.75,34.10,4658.62,27.47,4656.63,28.10,4658.71,30.30,4656.60,16.51,4658.78,0.20
1757800379.6622288,4657.83,0.96,4657.88,31.76,4657.80,31.74,4657.97,34.68,4657.70,21.45,4658.06,23.58,4657.63,0.12,4658.17,34.09,4657.60,36.17,4658.26,29.31,4657.53,0.40,4658.35,30.89,4657.48,20.42,4658.44,31.80,4657.38,24.20,4658.48,0.74,4657.28,28.15,4658.51,0.06,4657.18,28.47,4658.54,0.02,4657.06,29.30,4658.55,31.17,4656.94,34.09,4658.56,0.04,4656.84,31.55,4658.61,0.27,4656.73,33.43,4658.66,22.43,4656.60,16.51,4658.75,19.84
1757800381.8623602,4657.83,0.96,4657.88,26.33,4657.80,31.74,4657.97,35.42,4657.70,21.45,4658.09,30.39,4657.63,0.12,4658.18,23.59,4657.60,36.17,4658.30,22.70,4657.53,0.40,4658.40,32.30,4657.48,20.42,4658.48,0.74,4657.38,24.20,4658.50,28.43,4657.28,28.15,4658.51,0.06,4657.18,28.47,4658.54,0.02,4657.06,29.30,4658.56,0.04,4656.94,34.09,4658.61,0.27,4656.84,31.55,4658.62,24.54,4656.73,33.43,4658.74,22.27,4656.60,16.51,4658.78,0.20
1757800381.9609587,4657.83,0.96,4657.88,26.33,4657.80,20.18,4657.97,35.42,4657.70,24.21,4658.09,30.39,4657.63,0.12,4658.18,23.59,4657.57,20.88,4658.30,22.70,4657.53,0.40,4658.40,32.30,4657.47,27.29,4658.48,0.74,4657.34,19.77,4658.50,28.43,4657.23,36.11,4658.51,0.06,4657.12,27.14,4658.54,0.02,4656.99,24.19,4658.56,0.04,4656.86,20.41,4658.61,0.27,4656.75,25.76,4658.62,24.54,4656.63,25.24,4658.74,22.27,4656.60,16.51,4658.78,0.20
1757800383.3625057,4657.83,0.96,4657.88,26.33,4657.80,20.18,4657.97,35.42,4657.70,24.21,4658.09,30.39,4657.63,0.12,4658.18,23.59,4657.57,20.88,4658.30,22.70,4657.47,27.29,4658.40,32.30,4657.34,19.77,4658.48,0.74,4657.23,36.11,4658.50,28.43,4657.12,27.14,4658.51,0.06,4656.99,24.19,4658.54,0.02,4656.86,20.41,4658.56,0.04,4656.75,25.76,4658.61,0.27,4656.63,25.24,4658.62,24.54,4656.60,16.51,4658.74,22.27,4656.49,22.01,4658.78,0.20
1757800384.0607283,4657.83,0.96,4657.88,49.69,4657.80,20.18,4657.97,70.48,4657.70,24.21,4658.09,30.39,4657.63,0.12,4658.18,23.59,4657.57,20.88,4658.30,22.70,4657.47,27.29,4658.40,32.30,4657.34,19.77,4658.48,0.74,4657.23,36.11,4658.50,28.43,4657.12,27.14,4658.51,0.06,4656.99,24.19,4658.54,0.02,4656.86,20.41,4658.56,0.04,4656.75,25.76,4658.61,0.27,4656.63,25.24,4658.62,24.54,4656.60,16.51,4658.67,26.58,4656.49,22.01,4658.74,22.27
1757800384.16151,4657.83,0.96,4657.88,23.36,4657.80,20.18,4657.97,35.06,4657.70,24.21,4658.09,24.71,4657.63,0.12,4658.21,33.91,4657.57,20.88,4658.33,23.97,4657.47,27.29,4658.45,29.61,4657.34,19.77,4658.48,0.74,4657.23,36.11,4658.51,0.06,4657.12,27.14,4658.54,0.02,4656.99,24.19,4658.56,0.04,4656.86,20.41,4658.58,32.84,4656.75,25.76,4658.61,0.27,4656.63,25.24,4658.67,26.58,4656.60,16.51,4658.78,0.20,4656.49,22.01,4658.80,23.56
1757800384.2804852,4657.83,0.96,4657.88,23.36,4657.80,35.09,4657.97,35.06,4657.70,20.09,4658.09,24.71,4657.63,0.12,4658.21,33.91,4657.57,28.82,4658.33,23.97,4657.44,20.29,4658.45,29.61,4657.31,32.56,4658.48,0.74,4657.18,34.93,4658.51,0.06,4657.04,27.63,4658.54,0.02,4656.94,36.25,4658.56,0.04,4656.80,31.64,4658.58,32.84,4656.67,26.45,4658.61,0.27,4656.60,16.51,4658.67,26.58,4656.54,19.75,4658.78,0.20,4656.47,2.04,4658.80,23.56
1757800385.8601828,4657.87,0.40,4657.88,23.36,4657.83,0.96,4657.97,35.06,4657.80,35.09,4658.09,24.71,4657.70,20.09,4658.21,33.91,4657.63,0.12,4658.33,23.97,4657.57,28.82,4658.45,29.61,4657.44,20.29,4658.48,0.74,4657.31,32.56,4658.51,0.06,4657.18,34.93,4658.54,0.02,4657.04,27.63,4658.56,0.04,4656.94,36.25,4658.58,32.84,4656.80,31.64,4658.61,0.27,4656.67,26.45,4658.67,26.58,4656.60,16.51,4658.78,0.20,4656.54,19.75,4658.80,23.56
1757800385.9591436,4657.87,0.43,4657.88,23.36,4657.83,0.96,4657.97,35.06,4657.80,35.09,4658.09,24.71,4657.70,20.09,4658.21,33.91,4657.63,0.12,4658.33,23.97,4657.57,28.82,4658.45,29.61,4657.44,20.29,4658.48,0.74,4657.31,32.56,4658.51,0.06,4657.18,34.93,4658.54,0.02,4657.04,27.63,4658.56,0.04,4656.94,36.25,4658.58,32.84,4656.80,31.64,4658.61,0.27,4656.67,26.45,4658.67,26.58,4656.60,16.51,4658.78,0.20,4656.54,19.75,4658.80,23.56
1757800386.464955,4657.87,0.43,4657.88,24.73,4657.83,0.96,4657.97,28.73,4657.80,35.09,4658.09,25.11,4657.70,20.09,4658.21,27.55,4657.63,0.12,4658.31,32.15,4657.57,28.82,4658.44,29.19,4657.44,20.29,4658.48,0.74,4657.31,32.56,4658.51,0.06,4657.18,34.93,4658.54,0.02,4657.04,27.63,4658.55,21.40,4656.94,36.25,4658.56,0.04,4656.80,31.64,4658.61,0.27,4656.67,26.45,4658.67,23.91,4656.60,16.51,4658.77,24.27,4656.54,19.75,4658.78,0.20
1757800386.5610478,4657.87,0.43,4657.88,24.73,4657.83,0.96,4657.97,28.73,4657.80,21.83,4658.09,25.11,4657.70,27.30,4658.21,27.55,4657.63,0.12,4658.31,32.15,4657.57,28.69,4658.44,29.19,4657.44,34.83,4658.48,0.74,4657.33,28.47,4658.51,0.06,4657.19,28.36,4658.54,0.02,4657.07,35.74,4658.55,21.40,4656.94,20.44,4658.56,0.04,4656.83,28.51,4658.61,0.27,4656.70,35.16,4658.67,23.91,4656.60,16.51,4658.77,24.27,4656.58,24.34,4658.78,0.20
1757800386.7633235,4657.87,0.43,4657.88,24.73,4657.83,0.96,4657.97,28.73,4657.80,21.83,4658.09,25.11,4657.70,27.30,4658.21,27.55,4657.57,28.69,4658.31,32.15,4657.44,34.83,4658.44,29.19,4657.33,28.47,4658.48,0.74,4657.19,28.36,4658.51,0.06,4657.07,35.74,4658.54,0.02,4656.94,20.44,4658.55,21.40,4656.83,28.51,4658.56,0.04,4656.70,35.16,4658.61,0.27,4656.60,16.51,4658.67,23.91,4656.58,24.34,4658.77,24.27,4656.47,2.04,4658.78,0.20
1757800386.9607775,4657.87,0.43,4657.88,24.73,4657.83,0.92,4657.97,28.73,4657.80,21.83,4658.09,25.11,4657.70,27.30,4658.21,27.55,4657.57,28.69,4658.31,32.15,4657.44,34.83,4658.44,29.19,4657.33,28.47,4658.48,0.74,4657.19,28.36,4658.51,0.06,4657.07,35.74,4658.54,0.02,4656.94,20.44,4658.55,21.40,4656.83,28.51,4658.56,0.04,4656.70,35.16,4658.61,0.27,4656.60,16.51,4658.67,23.91,4656.58,24.34,4658.77,24.27,4656.47,2.04,4658.78,0.20
1757800387.1607292,4657.87,0.43,4657.88,24.73,4657.83,0.02,4657.97,28.73,4657.80,21.83,4658.09,25.11,4657.70,27.30,4658.21,27.55,4657.57,28.69,4658.31,32.15,4657.44,34.83,4658.44,29.19,4657.33,28.47,4658.48,0.74,4657.19,28.36,4658.51,0.06,4657.07,35.74,4658.54,0.02,4656.94,20.44,4658.55,21.40,4656.83,28.51,4658.56,0.04,4656.70,35.16,4658.61,0.27,4656.60,16.51,4658.67,23.91,4656.58,24.34,4658.77,24.27,4656.47,2.04,4658.78,0.20
1757800387.2768667,4657.87,0.43,4657.88,24.73,4657.80,21.83,4657.97,28.73,4657.70,27.30,4658.09,25.11,4657.57,28.69,4658.21,27.55,4657.44,34.83,4658.31,32.15,4657.33,28.47,4658.44,29.19,4657.19,28.36,4658.48,0.74,4657.07,35.74,4658.51,0.06,4656.94,20.44,4658.54,0.02,4656.83,28.51,4658.55,21.40,4656.70,35.16,4658.56,0.04,4656.60,16.51,4658.61,0.27,4656.58,24.34,4658.67,23.91,4656.47,2.04,4658.77,24.27,4656.46,22.98,4658.78,0.20
1757800388.1658058,4657.87,0.47,4657.88,24.73,4657.80,21.83,4657.97,28.73,4657.70,27.30,4658.09,25.11,4657.57,28.69,4658.21,27.55,4657.44,34.83,4658.31,32.15,4657.33,28.47,4658.44,29.19,4657.19,28.36,4658.48,0.74,4657.07,35.74,4658.51,0.06,4656.94,20.44,4658.54,0.02,4656.83,28.51,4658.55,21.40,4656.70,35.16,4658.56,0.04,4656.60,16.51,4658.61,0.27,4656.58,24.34,4658.67,23.91,4656.47,2.04,4658.77,24.27,4656.46,22.98,4658.78,0.20
1757800388.2622662,4657.87,0.59,4657.88,24.73,4657.80,21.83,4657.97,28.73,4657.70,27.30,4658.09,25.11,4657.57,28.69,4658.21,27.55,4657.44,34.83,4658.31,32.15,4657.33,28.47,4658.44,29.19,4657.19,28.36,4658.48,0.74,4657.07,35.74,4658.51,0.06,4656.94,20.44,4658.54,0.02,4656.83,28.51,4658.55,21.40,4656.70,35.16,4658.56,0.04,4656.60,16.51,4658.61,0.27,4656.58,24.34,4658.67,23.91,4656.47,2.04,4658.77,24.27,4656.46,22.98,4658.78,0.20
1757800388.4622352,4657.87,0.59,4657.88,23.55,4657.80,21.83,4657.97,28.73,4657.70,27.30,4658.09,25.11,4657.57,28.69,4658.21,27.55,4657.44,34.83,4658.31,32.15,4657.33,28.47,4658.44,29.19,4657.19,28.36,4658.48,0.74,4657.07,35.74,4658.51,0.06,4656.94,20.44,4658.54,0.02,4656.83,28.51,4658.55,21.40,4656.70,35.16,4658.56,0.04,4656.60,16.51,4658.61,0.27,4656.58,24.34,4658.67,23.91,4656.47,2.04,4658.77,24.27,4656.46,22.98,4658.78,0.20
1757800388.663444,4657.87,0.59,4657.88,33.01,4657.80,21.83,4657.97,35.57,4657.70,27.30,4658.09,28.02,4657.57,28.69,4658.19,26.72,4657.44,34.83,4658.32,31.08,4657.33,28.47,4658.41,31.12,4657.19,28.36,4658.48,0.74,4657.07,35.74,4658.51,0.06,4656.94,20.44,4658.52,33.36,4656.83,28.51,4658.54,0.02,4656.70,35.16,4658.56,0.04,4656.60,16.51,4658.61,0.27,4656.58,24.34,4658.65,28.46,4656.47,2.04,4658.76,23.38,4656.46,22.98,4658.78,0.20
1757800388.7627175,4657.87,1.49,4657.88,33.01,4657.80,29.47,4657.97,35.57,4657.70,30.09,4658.09,28.02,4657.57,29.78,4658.19,26.72,4657.46,26.07,4658.32,31.08,4657.32,27.79,4658.41,31.12,4657.22,20.75,4658.48,0.74,4657.10,29.85,4658.51,0.06,4656.96,21.78,4658.52,33.36,4656.84,28.76,4658.54,0.02,4656.72,20.00,4658.56,0.04,4656.60,16.51,4658.61,0.27,4656.59,33.68,4658.65,28.46,4656.47,2.04,4658.76,23.38,4656.45,28.12,4658.78,0.20
1757800389.3608475,4657.87,1.51,4657.88,33.01,4657.80,29.47,4657.97,35.57,4657.70,30.09,4658.09,28.02,4657.57,29.78,4658.19,26.72,4657.46,26.07,4658.32,31.08,4657.32,27.79,4658.41,31.12,4657.22,20.75,4658.48,0.74,4657.10,29.85,4658.51,0.06,4656.96,21.78,4658.52,33.36,4656.84,28.76,4658.54,0.02,4656.72,20.00,4658.56,0.04,4656.60,16.51,4658.61,0.27,4656.59,33.68,4658.65,28.46,4656.47,2.04,4658.76,23.38,4656.45,28.12,4658.78,0.20
1757800389.4636173,4657.87,0.25,4657.88,33.01,4657.80,29.47,4657.97,35.57,4657.70,30.09,4658.09,28.02,4657.57,29.78,4658.19,26.72,4657.46,26.07,4658.32,31.08,4657.32,27.79,4658.41,31.12,4657.22,20.75,4658.48,0.74,4657.10,29.85,4658.51,0.06,4656.96,21.78,4658.52,33.36,4656.84,28.76,4658.54,0.02,4656.72,20.00,4658.56,0.04,4656.60,16.51,4658.61,0.27,4656.59,33.68,4658.65,28.46,4656.47,2.04,4658.76,23.38,4656.45,28.12,4658.78,0.20
1757800390.3616016,4657.87,0.25,4657.88,33.01,4657.80,29.47,4657.97,35.57,4657.70,30.09,4658.09,28.02,4657.57,29.78,4658.19,26.72,4657.46,26.07,4658.32,31.08,4657.32,27.79,4658.41,31.12,4657.22,20.75,4658.48,0.74,4657.10,29.85,4658.51,0.06,4656.96,21.78,4658.52,33.36,4656.84,28.76,4658.54,0.02,4656.72,20.00,4658.56,0.04,4656.60,16.51,4658.61,0.27,4656.59,33.68,4658.65,28.46,4656.47,2.04,4658.67,0.40,4656.45,28.12,4658.76,23.38
1757800390.8608828,4657.87,0.25,4657.88,34.16,4657.80,29.47,4657.97,29.15,4657.70,30.09,4658.06,24.73,4657.57,29.78,4658.19,34.33,4657.46,26.07,4658.29,30.56,4657.32,27.79,4658.39,31.77,4657.22,20.75,4658.48,28.25,4657.10,29.85,4658.51,0.06,4656.96,21.78,4658.54,0.02,4656.84,28.76,4658.56,0.04,4656.72,20.00,4658.57,22.62,4656.60,16.51,4658.61,0.27,4656.59,33.68,4658.67,21.15,4656.47,2.04,4658.77,27.84,4656.45,28.12,4658.78,0.20
1757800390.9649258,4657.87,0.25,4657.88,34.16,4657.80,30.37,4657.97,29.15,4657.70,34.41,4658.06,24.73,4657.60,33.91,4658.19,34.33,4657.46,31.26,4658.29,30.56,4657.35,30.42,4658.39,31.77,4657.24,28.85,4658.48,28.25,4657.14,21.39,4658.51,0.06,4657.04,24.10,4658.54,0.02,4656.93,31.17,4658.56,0.04,4656.82,27.29,4658.57,22.62,4656.69,20.05,4658.61,0.27,4656.60,16.51,4658.67,21.15,4656.59,28.72,4658.77,27.84,4656.49,20.87,4658.78,0.20
1757800391.9609492,4657.92,22.32,4658.39,31.77,4657.87,0.25,4658.48,28.25,4657.82,23.87,4658.51,0.06,4657.80,30.37,4658.54,0.02,4657.70,34.41,4658.56,0.04,4657.60,33.91,4658.57,22.62,4657.46,31.26,4658.61,0.27,4657.35,30.42,4658.67,21.15,4657.24,28.85,4658.77,27.84,4657.14,21.39,4658.78,0.20,4657.04,24.10,4658.81,0.94,4656.93,31.17,4658.83,0.16,4656.82,27.29,4658.88,0.32,4656.69,20.05,4658.89,29.18,4656.60,16.51,4658.98,20.49
1757800392.0609865,4658.31,33.45,4658.39,31.77,4658.21,29.98,4658.48,28.25,4658.11,28.09,4658.51,0.06,4657.99,29.59,4658.54,0.02,4657.92,22.32,4658.56,0.04,4657.87,0.25,4658.57,22.62,4657.82,23.87,4658.61,0.27,4657.80,30.37,4658.67,21.15,4657.70,34.41,4658.77,27.84,4657.60,33.91,4658.78,0.20,4657.46,31.26,4658.81,0.94,4657.35,30.42,4658.83,0.16,4657.24,28.85,4658.88,0.32,4657.14,21.39,4658.89,29.18,4657.04,24.10,4658.98,20.49
1757800392.661636,4658.83,25.35,4658.88,0.32,4658.73,24.26,4658.93,34.12,4658.59,19.68,4658.98,20.49,4658.49,26.08,4658.99,0.03,4658.36,33.98,4659.07,22.93,4658.31,33.45,4659.13,5.00,4658.21,29.98,4659.20,35.44,4658.11,28.09,4659.21,0.13,4657.99,29.59,4659.22,0.20,4657.92,22.32,4659.23,0.13,4657.87,0.25,4659.31,35.02,4657.82,23.87,4659.32,0.02,4657.80,30.37,4659.33,0.03,4657.70,34.41,4659.43,34.16,4657.60,33.91,4659.52,36.14
1757800392.7625573,4658.85,23.86,4658.88,0.32,4658.83,25.35,4658.93,34.12,4658.73,24.26,4658.98,20.49,4658.59,19.68,4658.99,0.03,4658.49,26.08,4659.07,22.93,4658.36,33.98,4659.13,5.00,4658.31,33.45,4659.20,35.44,4658.21,29.98,4659.21,0.13,4658.11,28.09,4659.22,0.20,4657.99,29.59,4659.23,0.13,4657.92,22.32,4659.31,35.02,4657.87,0.25,4659.32,0.02,4657.82,23.87,4659.33,0.03,4657.80,30.37,4659.43,34.16,4657.70,34.41,4659.52,36.14
1757800394.2601247,4658.87,0.04,4658.88,0.32,4658.85,23.86,4658.93,34.12,4658.83,25.35,4658.98,20.49,4658.73,24.26,4658.99,0.03,4658.59,19.68,4659.07,22.93,4658.49,26.08,4659.13,5.00,4658.36,33.98,4659.20,35.44,4658.31,33.45,4659.21,0.13,4658.21,29.98,4659.22,0.20,4658.11,28.09,4659.23,0.13,4657.99,29.59,4659.31,35.02,4657.92,22.32,4659.32,0.02,4657.87,0.25,4659.33,0.03,4657.82,23.87,4659.43,34.16,4657.80,30.37,4659.52,36.14
1757800394.361012,4659.16,17.53,4659.21,0.13,4659.06,34.79,4659.22,0.20,4658.94,19.67,4659.23,0.13,4658.87,0.04,4659.31,35.02,4658.85,23.86,4659.32,0.02,4658.83,25.35,4659.33,0.03,4658.73,24.26,4659.43,34.16,4658.59,19.68,4659.52,36.14,4658.49,26.08,4659.64,30.17,4658.36,33.98,4659.74,31.05,4658.31,33.45,4659.83,24.20,4658.21,29.98,4659.92,33.68,4658.11,28.09,4659.99,0.18,4657.99,29.59,4660.02,35.79,4657.92,22.32,4660.08,0.20
1757800394.460474,4659.24,28.21,4659.32,0.02,4659.16,17.53,4659.33,0.03,4659.06,34.79,4659.43,34.16,4658.94,19.67,4659.52,36.14,4658.87,0.04,4659.64,30.17,4658.85,23.86,4659.74,31.05,4658.83,25.35,4659.83,24.20,4658.73,24.26,4659.92,33.68,4658.59,19.68,4659.99,0.18,4658.49,26.08,4660.02,35.79,4658.36,33.98,4660.08,0.20,4658.31,33.45,4660.12,34.46,4658.21,29.98,4660.21,34.07,4658.11,28.09,4660.30,28.85,4657.99,29.59,4660.39,28.87
1757800394.9616883,4659.24,28.21,4659.32,0.02,4659.16,17.53,4659.33,0.03,4659.06,34.79,4659.43,34.16,4658.94,19.67,4659.52,36.14,4658.87,0.44,4659.64,30.17,4658.85,23.86,4659.74,31.05,4658.83,25.35,4659.83,24.20,4658.73,24.26,4659.92,33.68,4658.59,19.68,4659.99,0.18,4658.49,26.08,4660.02,35.79,4658.36,33.98,4660.08,0.20,4658.31,33.45,4660.12,34.46,4658.21,29.98,4660.21,34.07,4658.11,28.09,4660.30,28.85,4657.99,29.59,4660.39,28.87
1757800395.3622618,4659.31,0.10,4659.32,0.02,4659.24,28.21,4659.33,0.03,4659.16,17.53,4659.43,34.16,4659.06,34.79,4659.52,36.14,4658.94,19.67,4659.64,30.17,4658.87,0.44,4659.74,31.05,4658.85,23.86,4659.83,24.20,4658.83,25.35,4659.92,33.68,4658.73,24.26,4659.99,0.18,4658.59,19.68,4660.02,35.79,4658.49,26.08,4660.08,0.20,4658.36,33.98,4660.12,34.46,4658.31,33.45,4660.21,34.07,4658.21,29.98,4660.30,28.85,4658.11,28.09,4660.39,28.87
1757800395.6610487,4659.31,5.10,4659.32,0.02,4659.24,28.21,4659.33,0.03,4659.16,17.53,4659.43,34.16,4659.06,34.79,4659.52,36.14,4658.94,19.67,4659.64,30.17,4658.87,0.44,4659.74,31.05,4658.85,23.86,4659.83,24.20,4658.83,25.35,4659.92,33.68,4658.73,24.26,4659.99,0.18,4658.59,19.68,4660.02,35.79,4658.49,26.08,4660.08,0.20,4658.36,33.98,4660.12,34.46,4658.31,33.45,4660.21,34.07,4658.21,29.98,4660.30,28.85,4658.11,28.09,4660.39,28.87
1757800396.063255,4659.31,5.10,4659.32,0.02,4659.24,28.21,4659.33,0.03,4659.16,17.53,4659.37,24.16,4659.06,34.79,4659.43,34.16,4658.94,19.67,4659.52,36.14,4658.87,0.44,4659.64,30.17,4658.85,23.86,4659.74,31.05,4658.83,25.35,4659.83,24.20,4658.73,24.26,4659.92,33.68,4658.59,19.68,4659.99,0.18,4658.49,26.08,4660.02,35.79,4658.36,33.98,4660.08,0.20,4658.31,33.45,4660.12,34.46,4658.21,29.98,4660.21,34.07,4658.11,28.09,4660.30,28.85
1757800396.162042,4659.31,5.10,4659.32,0.02,4659.30,25.63,4659.33,0.03,4659.29,20.32,4659.43,34.16,4659.24,28.21,4659.52,36.14,4659.16,17.53,4659.64,30.17,4659.06,34.79,4659.74,31.05,4658.94,19.67,4659.83,24.20,4658.87,0.44,4659.92,33.68,4658.85,23.86,4659.99,0.18,4658.83,25.35,4660.02,35.79,4658.73,24.26,4660.08,0.20,4658.59,19.68,4660.12,34.46,4658.49,26.08,4660.21,34.07,4658.36,33.98,4660.30,28.85,4658.31,33.45,4660.39,28.87
1757800396.3633063,4659.31,5.10,4659.32,0.02,4659.30,25.63,4659.33,0.03,4659.29,20.32,4659.43,34.16,4659.24,28.21,4659.52,36.14,4659.16,17.53,4659.64,30.17,4659.06,34.79,4659.74,31.05,4659.00,0.50,4659.83,24.20,4658.94,19.67,4659.92,33.68,4658.87,0.44,4659.99,0.18,4658.85,23.86,4660.02,35.79,4658.83,25.35,4660.08,0.20,4658.73,24.26,4660.12,34.46,4658.59,19.68,4660.21,34.07,4658.49,26.08,4660.30,28.85,4658.36,33.98,4660.39,28.87
1757800396.5593038,4659.31,5.20,4659.32,0.02,4659.30,25.63,4659.33,0.03,4659.29,20.32,4659.43,34.16,4659.24,28.21,4659.52,36.14,4659.16,17.53,4659.64,30.17,4659.06,34.79,4659.74,31.05,4659.00,0.50,4659.83,24.20,4658.94,19.67,4659.92,33.68,4658.87,0.44,4659.99,0.18,4658.85,23.86,4660.02,35.79,4658.83,25.35,4660.08,0.20,4658.73,24.26,4660.12,34.46,4658.59,19.68,4660.21,34.07,4658.49,26.08,4660.30,28.85,4658.36,33.98,4660.39,28.87
1757800397.260286,4659.31,5.20,4659.32,0.05,4659.30,25.63,4659.33,0.03,4659.29,20.32,4659.43,34.16,4659.24,28.21,4659.52,36.14,4659.16,17.53,4659.64,30.17,4659.06,34.79,4659.74,31.05,4659.00,0.50,4659.83,24.20,4658.94,19.67,4659.92,33.68,4658.87,0.44,4659.99,0.18,4658.85,23.86,4660.02,35.79,4658.83,25.35,4660.08,0.20,4658.73,24.26,4660.12,34.46,4658.59,19.68,4660.21,34.07,4658.49,26.08,4660.30,28.85,4658.36,33.98,4660.39,28.87
1757800397.3588548,4659.32,22.87,4659.33,0.03,4659.31,5.20,4659.40,30.46,4659.30,25.63,4659.43,34.16,4659.29,20.32,4659.52,36.14,4659.24,28.21,4659.64,30.17,4659.16,17.53,4659.74,31.05,4659.06,34.79,4659.83,24.20,4659.00,0.50,4659.92,33.68,4658.94,19.67,4659.99,0.18,4658.87,0.44,4660.02,35.79,4658.85,23.86,4660.08,0.20,4658.83,25.35,4660.12,34.46,4658.73,24.26,4660.21,34.07,4658.59,19.68,4660.30,28.85,4658.49,26.08,4660.39,28.87
1757800398.4645233,4659.32,22.90,4659.33,0.03,4659.31,5.20,4659.40,30.46,4659.30,25.63,4659.43,34.16,4659.29,20.32,4659.52,36.14,4659.24,28.21,4659.64,30.17,4659.16,17.53,4659.74,31.05,4659.06,34.79,4659.83,24.20,4659.00,0.50,4659.92,33.68,4658.94,19.67,4659.99,0.18,4658.87,0.44,4660.02,35.79,4658.85,23.86,4660.08,0.20,4658.83,25.35,4660.12,34.46,4658.73,24.26,4660.21,34.07,4658.59,19.68,4660.30,28.85,4658.49,26.08,4660.39,28.87
1757800398.661568,4659.32,22.90,4659.33,0.03,4659.31,5.20,4659.43,34.16,4659.30,25.63,4659.52,36.14,4659.29,20.32,4659.64,30.17,4659.24,28.21,4659.74,31.05,4659.16,17.53,4659.83,24.20,4659.06,34.79,4659.92,33.68,4659.00,0.50,4659.99,0.18,4658.94,19.67,4660.02,35.79,4658.87,0.44,4660.08,0.20,4658.85,23.86,4660.12,34.46,4658.83,25.35,4660.21,34.07,4658.73,24.26,4660.30,28.85,4658.59,19.68,4660.39,28.87,4658.49,26.08,4660.47,0.04
1757800398.759884,4659.37,22.86,4659.52,36.14,4659.33,24.91,4659.64,30.17,4659.32,22.90,4659.74,31.05,4659.31,5.20,4659.83,24.20,4659.30,25.63,4659.92,33.68,4659.29,20.32,4659.99,0.18,4659.24,28.21,4660.02,35.79,4659.16,17.53,4660.08,0.20,4659.06,34.79,4660.12,34.46,4659.00,0.50,4660.21,34.07,4658.94,19.67,4660.30,28.85,4658.87,0.44,4660.39,28.87,4658.85,23.86,4660.47,0.04,4658.83,25.35,4660.52,22.70,4658.73,24.26,4660.62,25.32
1757800398.9648483,4659.37,22.86,4659.52,36.09,4659.33,24.91,4659.64,30.17,4659.32,22.90,4659.74,31.05,4659.31,5.20,4659.83,24.20,4659.30,25.63,4659.92,33.68,4659.29,20.32,4659.99,0.18,4659.24,28.21,4660.02,35.79,4659.16,17.53,4660.08,0.20,4659.06,34.79,4660.12,34.46,4659.00,0.50,4660.21,34.07,4658.94,19.67,4660.30,28.85,4658.87,0.44,4660.39,28.87,4658.85,23.86,4660.47,0.04,4658.83,25.35,4660.52,22.70,4658.73,24.26,4660.62,25.32
1757800399.361643,4659.37,22.86,4659.38,0.04,4659.33,24.91,4659.52,36.09,4659.32,22.90,4659.64,30.17,4659.31,5.20,4659.74,31.05,4659.30,25.63,4659.83,24.20,4659.29,20.32,4659.92,33.68,4659.24,28.21,4659.99,0.18,4659.16,17.53,4660.02,35.79,4659.06,34.79,4660.08,0.20,4659.00,0.50,4660.12,34.46,4658.94,19.67,4660.21,34.07,4658.87,0.44,4660.30,28.85,4658.85,23.86,4660.39,28.87,4658.83,25.35,4660.47,0.04,4658.73,24.26,4660.52,22.70
1757800399.4608197,4659.37,22.86,4659.38,0.04,4659.33,24.91,4659.52,36.09,4659.32,22.92,4659.64,30.17,4659.31,5.20,4659.74,31.05,4659.30,25.63,4659.83,24.20,4659.29,20.32,4659.92,33.68,4659.24,28.21,4659.99,0.18,4659.16,17.53,4660.02,35.79,4659.06,34.79,4660.08,0.20,4659.00,0.50,4660.12,34.46,4658.94,19.67,4660.21,34.07,4658.87,0.44,4660.30,28.85,4658.85,23.86,4660.39,28.87,4658.83,25.35,4660.47,0.04,4658.73,24.26,4660.52,22.70
1757800400.1091015,4659.37,22.86,4659.38,0.16,4659.33,24.91,4659.52,36.09,4659.32,22.92,4659.64,30.17,4659.31,5.20,4659.74,31.05,4659.30,25.63,4659.83,24.20,4659.29,20.32,4659.92,33.68,4659.24,28.21,4659.99,0.18,4659.16,17.53,4660.02,35.79,4659.06,34.79,4660.08,0.20,4659.00,0.50,4660.12,34.46,4658.94,19.67,4660.21,34.07,4658.87,0.44,4660.30,28.85,4658.85,23.86,4660.39,28.87,4658.83,25.35,4660.47,0.04,4658.73,24.26,4660.52,22.70
1757800400.861474,4659.37,22.86,4659.38,0.16,4659.33,24.91,4659.45,31.59,4659.32,22.92,4659.54,22.62,4659.31,5.20,4659.65,24.37,4659.30,25.63,4659.77,25.64,4659.29,20.32,4659.88,31.26,4659.24,28.21,4659.99,29.99,4659.16,17.53,4660.08,0.20,4659.06,34.79,4660.10,32.86,4659.00,0.50,4660.20,30.42,4658.94,19.67,4660.30,31.46,4658.87,0.44,4660.41,24.09,4658.85,23.86,4660.47,0.04,4658.83,25.35,4660.54,24.28,4658.73,24.26,4660.64,34.00
1757800400.961781,4659.37,57.87,4659.38,0.16,4659.33,24.91,4659.45,31.59,4659.32,22.92,4659.54,22.62,4659.31,5.20,4659.65,24.37,4659.30,25.63,4659.77,25.64,4659.29,20.32,4659.88,31.26,4659.27,21.47,4659.99,29.99,4659.24,28.21,4660.08,0.20,4659.16,17.53,4660.10,32.86,4659.15,29.68,4660.20,30.42,4659.06,34.79,4660.30,31.46,4659.02,27.90,4660.41,24.09,4659.00,0.50,4660.47,0.04,4658.94,19.67,4660.54,24.28,4658.90,33.62,4660.64,34.00
1757800401.0618007,4659.37,35.01,4659.38,0.16,4659.32,0.05,4659.45,31.59,4659.31,5.20,4659.54,22.62,4659.27,21.47,4659.65,24.37,4659.15,29.68,4659.77,25.64,4659.02,27.90,4659.88,31.26,4659.00,0.50,4659.99,29.99,4658.90,33.62,4660.08,0.20,4658.87,0.44,4660.10,32.86,4658.78,20.38,4660.20,30.42,4658.66,31.40,4660.30,31.46,4658.55,20.63,4660.41,24.09,4658.44,22.87,4660.47,0.04,4658.32,25.01,4660.54,24.28,4658.18,20.85,4660.64,34.00
1757800401.163462,4659.37,35.05,4659.38,0.83,4659.32,0.05,4659.45,31.59,4659.31,5.20,4659.54,22.62,4659.27,21.47,4659.65,24.37,4659.15,29.68,4659.77,25.64,4659.02,27.90,4659.88,31.26,4659.00,0.50,4659.99,29.99,4658.90,33.62,4660.08,0.20,4658.87,0.44,4660.10,32.86,4658.78,20.38,4660.20,30.42,4658.66,31.40,4660.30,31.46,4658.55,20.63,4660.41,24.09,4658.44,22.87,4660.47,0.04,4658.32,25.01,4660.54,24.28,4658.18,20.85,4660.64,34.00
1757800401.7610934,4659.37,35.07,4659.38,0.83,4659.32,0.05,4659.45,31.59,4659.31,5.20,4659.54,22.62,4659.27,21.47,4659.65,24.37,4659.15,29.68,4659.77,25.64,4659.02,27.90,4659.88,31.26,4659.00,0.50,4659.99,29.99,4658.90,33.62,4660.08,0.20,4658.87,0.44,4660.10,32.86,4658.78,20.38,4660.20,30.42,4658.66,31.40,4660.30,31.46,4658.55,20.63,4660.41,24.09,4658.44,22.87,4660.47,0.04,4658.32,25.01,4660.54,24.28,4658.18,20.85,4660.64,34.00
1757800402.4637365,4659.37,35.19,4659.38,0.83,4659.32,0.05,4659.45,31.59,4659.31,5.20,4659.54,22.62,4659.27,21.47,4659.65,24.37,4659.15,29.68,4659.77,25.64,4659.02,27.90,4659.88,31.26,4659.00,0.50,4659.99,29.99,4658.90,33.62,4660.08,0.20,4658.87,0.44,4660.10,32.86,4658.78,20.38,4660.20,30.42,4658.66,31.40,4660.30,31.46,4658.55,20.63,4660.41,24.09,4658.44,22.87,4660.47,0.04,4658.32,25.01,4660.54,24.28,4658.18,20.85,4660.64,34.00
1757800402.662099,4659.37,36.09,4659.38,0.77,4659.32,0.05,4659.45,31.59,4659.31,5.20,4659.54,22.62,4659.27,21.47,4659.65,24.37,4659.15,29.68,4659.77,25.64,4659.02,27.90,4659.88,31.26,4659.00,0.50,4659.99,29.99,4658.90,33.62,4660.08,0.20,4658.87,0.44,4660.10,32.86,4658.78,20.38,4660.20,30.42,4658.66,31.40,4660.30,31.46,4658.55,20.63,4660.41,24.09,4658.44,22.87,4660.47,0.04,4658.32,25.01,4660.54,24.28,4658.18,20.85,4660.64,34.00
1757800403.2596672,4659.37,36.09,4659.38,0.77,4659.32,0.05,4659.45,23.71,4659.31,5.20,4659.54,27.22,4659.27,21.47,4659.63,21.72,4659.15,29.68,4659.73,20.19,4659.02,27.90,4659.84,26.28,4659.00,0.50,4659.95,32.09,4658.90,33.62,4659.99,0.18,4658.87,0.44,4660.04,21.15,4658.78,20.38,4660.08,0.20,4658.66,31.40,4660.17,24.59,4658.55,20.63,4660.28,32.44,4658.44,22.87,4660.39,33.49,4658.32,25.01,4660.47,0.04,4658.18,20.85,4660.51,21.00
1757800403.3611603,4659.37,21.56,4659.38,0.77,4659.32,0.05,4659.45,23.71,4659.31,5.20,4659.54,27.22,4659.27,34.28,4659.63,21.72,4659.17,34.44,4659.73,20.19,4659.06,26.73,4659.84,26.28,4659.00,0.50,4659.95,32.09,4658.94,26.24,4659.99,0.18,4658.87,0.44,4660.04,21.15,4658.82,30.60,4660.08,0.20,4658.72,19.91,4660.17,24.59,4658.58,25.52,4660.28,32.44,4658.46,23.34,4660.39,33.49,4658.34,29.23,4660.47,0.04,4658.21,29.80,4660.51,21.00
1757800404.5665662,4659.37,21.56,4659.38,0.77,4659.32,0.05,4659.45,23.71,4659.31,5.20,4659.54,27.22,4659.27,34.28,4659.63,21.72,4659.20,5.00,4659.73,20.19,4659.17,34.44,4659.84,26.28,4659.06,26.73,4659.95,32.09,4659.00,0.50,4659.99,0.18,4658.94,26.24,4660.04,21.15,4658.87,0.44,4660.08,0.20,4658.82,30.60,4660.17,24.59,4658.72,19.91,4660.28,32.44,4658.58,25.52,4660.39,33.49,4658.46,23.34,4660.47,0.04,4658.34,29.23,4660.51,21.00
1757800405.4602182,4659.37,21.56,4659.38,0.77,4659.32,0.05,4659.45,23.71,4659.31,5.20,4659.54,27.22,4659.27,34.28,4659.63,21.72,4659.20,5.00,4659.73,20.19,4659.17,34.44,4659.84,26.28,4659.06,26.73,4659.95,32.09,4659.00,0.50,4659.99,0.18,4658.94,26.24,4660.04,21.15,4658.87,0.40,4660.08,0.20,4658.82,30.60,4660.17,24.59,4658.72,19.91,4660.28,32.44,4658.58,25.52,4660.39,33.49,4658.46,23.34,4660.47,0.04,4658.34,29.23,4660.51,21.00
1757800405.560929,4659.37,21.56,4659.38,0.77,4659.32,0.05,4659.45,33.08,4659.31,5.20,4659.54,35.79,4659.27,34.28,4659.66,22.70,4659.20,5.00,4659.75,26.40,4659.17,34.44,4659.84,26.57,4659.06,26.73,4659.94,30.82,4659.00,0.50,4659.99,0.18,4658.94,26.24,4660.03,36.06,4658.87,0.40,4660.08,0.20,4658.82,30.60,4660.16,26.81,4658.72,19.91,4660.29,22.31,4658.58,25.52,4660.40,35.36,4658.46,23.34,4660.47,0.04,4658.34,29.23,4660.53,33.08
1757800405.6614711,4659.37,25.04,4659.38,0.77,4659.32,0.05,4659.45,33.08,4659.31,5.20,4659.54,35.79,4659.27,27.99,4659.66,22.70,4659.20,5.00,4659.75,26.40,4659.14,27.65,4659.84,26.57,4659.04,35.69,4659.94,30.82,4659.00,0.50,4659.99,0.18,4658.94,26.67,4660.03,36.06,4658.87,0.40,4660.08,0.20,4658.83,27.36,4660.16,26.81,4658.73,23.53,4660.29,22.31,4658.59,25.94,4660.40,35.36,4658.45,27.89,4660.47,0.04,4658.33,31.33,4660.53,33.08
1757800405.860874,4659.37,25.04,4659.38,0.77,4659.32,0.05,4659.45,33.08,4659.31,5.20,4659.54,35.79,4659.27,27.99,4659.66,22.70,4659.20,5.00,4659.75,26.40,4659.14,27.65,4659.84,26.57,4659.04,35.69,4659.94,30.82,4659.00,0.50,4659.99,0.18,4658.94,26.67,4660.03,36.06,4658.83,27.36,4660.08,0.20,4658.73,23.53,4660.16,26.81,4658.59,25.94,4660.29,22.31,4658.45,27.89,4660.40,35.36,4658.33,31.33,4660.47,0.04,4658.19,22.26,4660.53,33.08
1757800406.7592545,4659.37,25.04,4659.38,0.77,4659.32,0.05,4659.45,33.08,4659.31,5.10,4659.54,35.79,4659.27,27.99,4659.66,22.70,4659.20,5.00,4659.75,26.40,4659.14,27.65,4659.84,26.57,4659.04,35.69,4659.94,30.82,4659.00,0.50,4659.99,0.18,4658.94,26.67,4660.03,36.06,4658.83,27.36,4660.08,0.20,4658.73,23.53,4660.16,26.81,4658.59,25.94,4660.29,22.31,4658.45,27.89,4660.40,35.36,4658.33,31.33,4660.47,0.04,4658.19,22.26,4660.53,33.08
1757800406.8632827,4659.37,25.04,4659.38,0.77,4659.32,0.05,4659.45,33.08,4659.31,0.10,4659.54,35.79,4659.27,27.99,4659.66,22.70,4659.20,5.00,4659.75,26.40,4659.14,27.65,4659.84,26.57,4659.04,35.69,4659.94,30.82,4659.00,0.50,4659.99,0.18,4658.94,26.67,4660.03,36.06,4658.83,27.36,4660.08,0.20,4658.73,23.53,4660.16,26.81,4658.59,25.94,4660.29,22.31,4658.45,27.89,4660.40,35.36,4658.33,31.33,4660.47,0.04,4658.19,22.26,4660.53,33.08
1757800406.9612887,4659.37,25.04,4659.38,0.77,4659.32,0.05,4659.45,33.08,4659.31,0.10,4659.54,35.79,4659.27,27.99,4659.66,22.70,4659.20,5.00,4659.75,26.40,4659.14,27.65,4659.84,26.57,4659.04,35.69,4659.94,30.82,4659.00,0.50,4659.99,0.18,4658.94,26.67,4660.03,36.06,4658.90,5.00,4660.08,0.20,4658.83,27.36,4660.16,26.81,4658.73,23.53,4660.29,22.31,4658.59,25.94,4660.40,35.36,4658.45,27.89,4660.47,0.04,4658.33,31.33,4660.53,33.08
1757800407.0632021,4659.37,25.64,4659.38,0.77,4659.32,0.05,4659.45,33.08,4659.31,0.10,4659.54,35.79,4659.27,27.99,4659.66,22.70,4659.20,5.00,4659.75,26.40,4659.14,27.65,4659.84,26.57,4659.04,35.69,4659.94,30.82,4659.00,0.50,4659.99,0.18,4658.94,26.67,4660.03,36.06,4658.90,5.00,4660.08,0.20,4658.83,27.36,4660.16,26.81,4658.73,23.53,4660.29,22.31,4658.59,25.94,4660.40,35.36,4658.45,27.89,4660.47,0.04,4658.33,31.33,4660.53,33.08
1757800407.6611323,4659.37,25.68,4659.38,0.77,4659.32,0.05,4659.45,33.08,4659.31,0.10,4659.54,35.79,4659.27,27.99,4659.66,22.70,4659.20,5.00,4659.75,26.40,4659.14,27.65,4659.84,26.57,4659.04,35.69,4659.94,30.82,4659.00,0.50,4659.99,0.18,4658.94,26.67,4660.03,36.06,4658.90,5.00,4660.08,0.20,4658.83,27.36,4660.16,26.81,4658.73,23.53,4660.29,22.31,4658.59,25.94,4660.40,35.36,4658.45,27.89,4660.47,0.04,4658.33,31.33,4660.53,33.08
1757800407.7602983,4659.37,25.68,4659.38,0.77,4659.32,0.05,4659.45,33.08,4659.27,27.99,4659.54,35.79,4659.20,5.00,4659.66,22.70,4659.14,27.65,4659.75,26.40,4659.04,35.69,4659.84,26.57,4659.00,0.50,4659.94,30.82,4658.94,26.67,4659.99,0.18,4658.90,5.00,4660.03,36.06,4658.83,27.36,4660.08,0.20,4658.73,23.53,4660.16,26.81,4658.59,25.94,4660.29,22.31,4658.45,27.89,4660.40,35.36,4658.33,31.33,4660.47,0.04,4658.19,22.26,4660.53,33.08
1757800407.8632147,4659.37,25.68,4659.38,0.77,4659.32,0.05,4659.45,24.98,4659.27,27.99,4659.54,30.97,4659.20,5.00,4659.65,20.50,4659.14,27.65,4659.76,24.18,4659.04,35.69,4659.85,35.39,4659.00,0.50,4659.96,29.55,4658.94,26.67,4659.99,0.18,4658.90,5.00,4660.07,20.42,4658.83,27.36,4660.08,0.20,4658.73,23.53,4660.19,25.18,4658.59,25.94,4660.31,24.48,4658.45,27.89,4660.42,34.08,4658.33,31.33,4660.47,0.04,4658.19,22.26,4660.53,20.05
1757800407.961873,4659.37,27.41,4659.38,0.77,4659.32,0.05,4659.45,24.98,4659.27,30.35,4659.54,30.97,4659.20,5.00,4659.65,20.50,4659.15,30.10,4659.76,24.18,4659.03,24.62,4659.85,35.39,4659.00,0.50,4659.96,29.55,4658.93,31.92,4659.99,0.18,4658.90,5.00,4660.07,20.42,4658.81,21.90,4660.08,0.20,4658.69,22.31,4660.19,25.18,4658.56,35.70,4660.31,24.48,4658.43,28.10,4660.42,34.08,4658.31,29.88,4660.47,0.04,4658.19,29.89,4660.53,20.05
1757800408.361554,4659.37,32.41,4659.38,0.77,4659.32,0.05,4659.45,24.98,4659.27,30.35,4659.54,30.97,4659.20,5.00,4659.65,20.50,4659.15,30.10,4659.76,24.18,4659.03,24.62,4659.85,35.39,4659.00,0.50,4659.96,29.55,4658.93,31.92,4659.99,0.18,4658.90,5.00,4660.07,20.42,4658.81,21.90,4660.08,0.20,4658.69,22.31,4660.19,25.18,4658.56,35.70,4660.31,24.48,4658.43,28.10,4660.42,34.08,4658.31,29.88,4660.47,0.04,4658.19,29.89,4660.53,20.05
1757800408.463389,4659.37,32.41,4659.45,24.98,4659.32,0.05,4659.54,30.97,4659.27,30.35,4659.65,20.50,4659.20,5.00,4659.76,24.18,4659.15,30.10,4659.85,35.39,4659.03,24.62,4659.96,29.55,4659.00,0.50,4659.99,0.18,4658.93,31.92,4660.07,20.42,4658.90,5.00,4660.08,0.20,4658.81,21.90,4660.19,25.18,4658.69,22.31,4660.31,24.48,4658.56,35.70,4660.42,34.08,4658.43,28.10,4660.47,0.04,4658.31,29.88,4660.53,20.05,4658.19,29.89,4660.65,30.61
1757800408.7609682,4659.37,32.51,4659.45,24.98,4659.32,0.05,4659.54,30.97,4659.27,30.35,4659.65,20.50,4659.20,5.00,4659.76,24.18,4659.15,30.10,4659.85,35.39,4659.03,24.62,4659.96,29.55,4659.00,0.50,4659.99,0.18,4658.93,31.92,4660.07,20.42,4658.90,5.00,4660.08,0.20,4658.81,21.90,4660.19,25.18,4658.69,22.31,4660.31,24.48,4658.56,35.70,4660.42,34.08,4658.43,28.10,4660.47,0.04,4658.31,29.88,4660.53,20.05,4658.19,29.89,4660.65,30.61
1757800409.4660416,4659.44,0.10,4659.45,24.98,4659.37,32.51,4659.54,30.97,4659.32,0.05,4659.65,20.50,4659.27,30.35,4659.76,24.18,4659.20,5.00,4659.85,35.39,4659.15,30.10,4659.96,29.55,4659.03,24.62,4659.99,0.18,4659.00,0.50,4660.07,20.42,4658.93,31.92,4660.08,0.20,4658.90,5.00,4660.19,25.18,4658.81,21.90,4660.31,24.48,4658.69,22.31,4660.42,34.08,4658.56,35.70,4660.47,0.04,4658.43,28.10,4660.53,20.05,4658.31,29.88,4660.65,30.61
1757800409.5611823,4659.44,0.10,4659.45,24.98,4659.37,32.51,4659.54,30.97,4659.32,0.02,4659.65,20.50,4659.27,30.35,4659.76,24.18,4659.20,5.00,4659.85,35.39,4659.15,30.10,4659.96,29.55,4659.03,24.62,4659.99,0.18,4659.00,0.50,4660.07,20.42,4658.93,31.92,4660.08,0.20,4658.90,5.00,4660.19,25.18,4658.81,21.90,4660.31,24.48,4658.69,22.31,4660.42,34.08,4658.56,35.70,4660.47,0.04,4658.43,28.10,4660.53,20.05,4658.31,29.88,4660.65,30.61
1757800409.7623625,4659.44,0.10,4659.45,24.98,4659.37,32.51,4659.54,30.97,4659.32,0.02,4659.65,20.50,4659.27,30.35,4659.76,24.18,4659.20,5.00,4659.85,35.39,4659.15,30.10,4659.96,29.55,4659.03,24.62,4659.99,0.18,4659.00,0.50,4660.07,20.42,4658.93,31.92,4660.08,0.20,4658.90,5.00,4660.19,25.18,4658.81,21.90,4660.31,24.48,4658.69,22.31,4660.42,34.08,4658.56,35.70,4660.47,0.04,4658.50,5.00,4660.53,20.05,4658.43,28.10,4660.65,30.61
1757800410.1606896,4659.44,0.10,4659.45,24.13,4659.37,32.51,4659.54,27.44,4659.32,0.02,4659.64,34.78,4659.27,30.35,4659.73,35.15,4659.20,5.00,4659.82,33.39,4659.15,30.10,4659.94,29.05,4659.03,24.62,4659.99,0.18,4659.00,0.50,4660.05,22.81,4658.93,31.92,4660.08,0.20,4658.90,5.00,4660.17,29.99,4658.81,21.90,4660.30,21.00,4658.69,22.31,4660.40,22.29,4658.56,35.70,4660.47,0.04,4658.50,5.00,4660.52,30.08,4658.43,28.10,4660.65,33.95
1757800410.2693653,4659.44,0.10,4659.45,24.13,4659.37,26.69,4659.54,27.44,4659.32,0.02,4659.64,34.78,4659.27,23.61,4659.73,35.15,4659.20,5.00,4659.82,33.39,4659.16,28.83,4659.94,29.05,4659.06,30.81,4659.99,0.18,4659.00,0.50,4660.05,22.81,4658.96,35.69,4660.08,0.20,4658.90,5.00,4660.17,29.99,4658.83,23.95,4660.30,21.00,4658.71,26.42,4660.40,22.29,4658.58,25.93,4660.47,0.04,4658.50,5.00,4660.52,30.08,4658.44,28.58,4660.65,33.95
1757800410.9620996,4659.44,0.10,4659.45,24.13,4659.37,26.69,4659.54,27.44,4659.27,23.61,4659.64,34.78,4659.20,5.00,4659.73,35.15,4659.16,28.83,4659.82,33.39,4659.06,30.81,4659.94,29.05,4659.00,0.50,4659.99,0.18,4658.96,35.69,4660.05,22.81,4658.90,5.00,4660.08,0.20,4658.83,23.95,4660.17,29.99,4658.71,26.42,4660.30,21.00,4658.58,25.93,4660.40,22.29,4658.50,5.00,4660.47,0.04,4658.44,28.58,4660.52,30.08,4658.33,21.24,4660.65,33.95
1757800411.5704808,4659.44,0.03,4659.45,24.13,4659.37,26.02,4659.54,27.44,4659.27,23.61,4659.64,34.78,4659.20,5.00,4659.73,35.15,4659.16,28.83,4659.82,33.39,4659.06,30.81,4659.94,29.05,4659.00,0.50,4659.99,0.18,4658.96,35.69,4660.05,22.81,4658.90,5.00,4660.08,0.20,4658.83,23.95,4660.17,29.99,4658.71,26.42,4660.30,21.00,4658.58,25.93,4660.40,22.29,4658.50,5.00,4660.47,0.04,4658.44,28.58,4660.52,30.08,4658.33,21.24,4660.65,33.95
1757800412.3632276,4659.44,0.03,4659.45,30.04,4659.37,26.02,4659.54,20.31,4659.27,23.61,4659.63,27.25,4659.20,5.00,4659.75,27.51,4659.16,28.83,4659.87,32.80,4659.06,30.81,4659.98,28.18,4659.00,0.50,4659.99,0.18,4658.96,35.69,4660.07,29.84,4658.90,5.00,4660.08,0.20,4658.83,23.95,4660.18,29.49,4658.71,26.42,4660.28,24.74,4658.58,25.93,4660.37,0.04,4658.50,5.00,4660.39,29.59,4658.44,28.58,4660.47,0.04,4658.33,21.24,4660.49,29.12
1757800412.5598361,4659.44,0.03,4659.45,30.04,4659.37,29.57,4659.54,20.31,4659.27,19.85,4659.63,27.25,4659.20,5.00,4659.75,27.51,4659.17,25.21,4659.87,32.80,4659.04,23.36,4659.98,28.18,4659.00,0.50,4659.99,0.18,4658.91,35.59,4660.07,29.84,4658.90,5.00,4660.08,0.20,4658.79,29.46,4660.18,29.49,4658.69,29.42,4660.28,24.74,4658.57,35.75,4660.37,0.04,4658.50,5.00,4660.39,29.59,4658.46,26.62,4660.47,0.04,4658.34,35.17,4660.49,29.12
1757800412.8628845,4659.44,0.05,4659.45,30.04,4659.37,29.57,4659.54,20.31,4659.27,19.85,4659.63,27.25,4659.20,5.00,4659.75,27.51,4659.17,25.21,4659.87,32.80,4659.04,23.36,4659.98,28.18,4659.00,0.50,4659.99,0.18,4658.91,35.59,4660.07,29.84,4658.90,5.00,4660.08,0.20,4658.79,29.46,4660.18,29.49,4658.69,29.42,4660.28,24.74,4658.57,35.75,4660.37,0.04,4658.50,5.00,4660.39,29.59,4658.46,26.62,4660.47,0.04,4658.34,35.17,4660.49,29.12
1757800413.1601298,4659.44,0.05,4659.45,30.04,4659.37,29.57,4659.54,20.31,4659.27,19.85,4659.63,27.25,4659.20,5.00,4659.75,27.51,4659.17,25.21,4659.87,32.80,4659.04,23.36,4659.98,28.18,4659.00,0.50,4659.99,0.18,4658.91,35.59,4660.07,29.84,4658.90,5.00,4660.08,0.20,4658.79,29.46,4660.18,29.49,4658.69,29.42,4660.27,0.02,4658.57,35.75,4660.28,24.74,4658.50,5.00,4660.37,0.04,4658.46,26.62,4660.39,29.59,4658.34,35.17,4660.47,0.04
1757800413.260362,4659.44,0.05,4659.54,20.31,4659.38,31.91,4659.63,27.25,4659.37,29.57,4659.75,27.51,4659.27,19.85,4659.87,32.80,4659.20,5.00,4659.98,28.18,4659.17,25.21,4659.99,0.18,4659.04,23.36,4660.07,29.84,4659.00,0.50,4660.08,0.20,4658.91,35.59,4660.18,29.49,4658.90,5.00,4660.27,0.02,4658.79,29.46,4660.28,24.74,4658.69,29.42,4660.37,0.04,4658.57,35.75,4660.39,29.59,4658.50,5.00,4660.47,0.04,4658.46,26.62,4660.49,29.12
1757800413.3588848,4659.44,0.05,4659.47,27.53,4659.38,31.91,4659.54,20.31,4659.37,29.57,4659.63,27.25,4659.27,19.85,4659.75,27.51,4659.20,5.00,4659.87,32.80,4659.17,25.21,4659.98,28.18,4659.04,23.36,4659.99,0.18,4659.00,0.50,4660.07,29.84,4658.91,35.59,4660.08,0.20,4658.90,5.00,4660.18,29.49,4658.79,29.46,4660.27,0.02,4658.69,29.42,4660.28,24.74,4658.57,35.75,4660.37,0.04,4658.50,5.00,4660.39,29.59,4658.46,26.62,4660.47,0.04
1757800413.4626758,4659.44,0.09,4659.47,27.53,4659.39,33.84,4659.54,20.31,4659.38,31.91,4659.63,27.25,4659.37,29.57,4659.75,27.51,4659.27,19.85,4659.87,32.80,4659.20,5.00,4659.98,28.18,4659.17,25.21,4659.99,0.18,4659.04,23.36,4660.07,29.84,4659.00,0.50,4660.08,0.20,4658.91,35.59,4660.18,29.49,4658.90,5.00,4660.27,0.02,4658.79,29.46,4660.28,24.74,4658.69,29.42,4660.37,0.04,4658.57,35.75,4660.39,29.59,4658.50,5.00,4660.47,0.04
1757800413.7622473,4659.44,0.48,4659.47,27.53,4659.39,33.84,4659.54,20.31,4659.38,31.91,4659.63,27.25,4659.37,29.57,4659.75,27.51,4659.27,19.85,4659.87,32.80,4659.20,5.00,4659.98,28.18,4659.17,25.21,4659.99,0.18,4659.04,23.36,4660.07,29.84,4659.00,0.50,4660.08,0.20,4658.91,35.59,4660.18,29.49,4658.90,5.00,4660.27,0.02,4658.79,29.46,4660.28,24.74,4658.69,29.42,4660.37,0.04,4658.57,35.75,4660.39,29.59,4658.50,5.00,4660.47,0.04
1757800413.9754257,4659.44,0.48,4659.47,27.53,4659.39,33.84,4659.54,20.31,4659.38,31.91,4659.63,27.25,4659.37,29.16,4659.75,27.51,4659.27,19.85,4659.87,32.80,4659.20,5.00,4659.98,28.18,4659.17,25.21,4659.99,0.18,4659.04,23.36,4660.07,29.84,4659.00,0.50,4660.08,0.20,4658.91,35.59,4660.18,29.49,4658.90,5.00,4660.27,0.14,4658.79,29.46,4660.28,24.74,4658.69,29.42,4660.37,0.04,4658.57,35.75,4660.39,29.59,4658.50,5.00,4660.47,0.04
1757800415.161439,4659.44,0.48,4659.47,27.53,4659.39,33.84,4659.54,20.31,4659.38,31.91,4659.63,27.25,4659.37,29.16,4659.75,27.51,4659.27,19.85,4659.87,32.80,4659.20,5.00,4659.98,28.18,4659.17,25.21,4659.99,0.18,4659.04,23.36,4660.07,29.84,4659.00,0.50,4660.08,0.20,4658.91,35.59,4660.18,29.49,4658.90,5.00,4660.27,0.14,4658.79,29.46,4660.28,24.74,4658.69,29.42,4660.37,0.53,4658.57,35.75,4660.39,29.59,4658.50,5.00,4660.47,0.04
1757800415.6640053,4659.44,0.48,4659.47,30.67,4659.39,33.84,4659.56,23.37,4659.38,31.91,4659.69,35.97,4659.37,29.16,4659.78,33.62,4659.27,19.85,4659.91,27.71,4659.20,5.00,4659.99,0.18,4659.17,25.21,4660.03,24.69,4659.04,23.36,4660.08,0.20,4659.00,0.50,4660.13,23.83,4658.91,35.59,4660.22,34.34,4658.90,5.00,4660.27,0.14,4658.79,29.46,4660.34,27.42,4658.69,29.42,4660.37,0.53,4658.57,35.75,4660.43,35.81,4658.50,5.00,4660.47,0.04
1757800415.7603014,4659.44,0.48,4659.47,30.67,4659.39,69.37,4659.56,23.37,4659.38,31.91,4659.69,35.97,4659.37,29.16,4659.78,33.62,4659.29,21.67,4659.91,27.71,4659.27,19.85,4659.99,0.18,4659.20,5.00,4660.03,24.69,4659.17,25.21,4660.08,0.20,4659.15,23.75,4660.13,23.83,4659.05,27.65,4660.22,34.34,4659.04,23.36,4660.27,0.14,4659.00,0.50,4660.34,27.42,4658.91,62.54,4660.37,0.53,4658.90,5.00,4660.43,35.81,4658.79,29.46,4660.47,0.04
1757800415.8615665,4659.44,0.48,4659.47,30.67,4659.39,35.53,4659.56,23.37,4659.37,5.74,4659.69,35.97,4659.29,21.67,4659.78,33.62,4659.20,5.00,4659.91,27.71,4659.15,23.75,4659.99,0.18,4659.05,27.65,4660.03,24.69,4659.00,0.50,4660.08,0.20,4658.91,26.95,4660.13,23.83,4658.90,5.00,4660.22,34.34,4658.78,28.20,4660.27,0.14,4658.67,34.86,4660.34,27.42,4658.57,35.17,4660.37,0.53,4658.50,5.00,4660.43,35.81,4658.44,31.99,4660.47,0.04
1757800417.4077148,4659.46,0.90,4659.47,30.67,4659.44,0.48,4659.56,23.37,4659.39,35.53,4659.69,35.97,4659.37,5.74,4659.78,33.62,4659.29,21.67,4659.91,27.71,4659.20,5.00,4659.99,0.18,4659.15,23.75,4660.03,24.69,4659.05,27.65,4660.08,0.20,4659.00,0.50,4660.13,23.83,4658.91,26.95,4660.22,34.34,4658.90,5.00,4660.27,0.14,4658.78,28.20,4660.34,27.42,4658.67,34.86,4660.37,0.53,4658.57,35.17,4660.43,35.81,4658.50,5.00,4660.47,0.04
1757800417.4077148,4659.46,1.02,4659.47,30.67,4659.44,0.48,4659.56,23.37,4659.39,35.53,4659.69,35.97,4659.37,5.74,4659.78,33.62,4659.29,21.67,4659.91,27.71,4659.20,5.00,4659.99,0.18,4659.15,23.75,4660.03,24.69,4659.05,27.65,4660.08,0.20,4659.00,0.50,4660.13,23.83,4658.91,26.95,4660.22,34.34,4658.90,5.00,4660.27,0.14,4658.78,28.20,4660.34,27.42,4658.67,34.86,4660.37,0.53,4658.57,35.17,4660.43,35.81,4658.50,5.00,4660.47,0.04
1757800418.5635293,4659.46,1.02,4659.47,28.35,4659.44,0.48,4659.56,23.19,4659.39,35.53,4659.66,34.96,4659.37,5.34,4659.78,28.23,4659.29,21.67,4659.87,27.51,4659.20,5.00,4659.98,35.13,4659.15,23.75,4659.99,0.18,4659.05,27.65,4660.07,24.95,4659.00,0.50,4660.08,0.20,4658.91,26.95,4660.20,21.50,4658.90,5.00,4660.27,0.14,4658.78,28.20,4660.29,33.06,4658.67,34.86,4660.37,0.53,4658.57,35.17,4660.40,25.22,4658.50,5.00,4660.47,0.04
1757800418.5688012,4659.46,1.02,4659.47,28.35,4659.44,0.48,4659.56,23.19,4659.39,29.55,4659.66,34.96,4659.37,5.34,4659.78,28.23,4659.29,25.46,4659.87,27.51,4659.20,5.00,4659.98,35.13,4659.18,19.60,4659.99,0.18,4659.05,26.81,4660.07,24.95,4659.00,0.50,4660.08,0.20,4658.95,25.89,4660.20,21.50,4658.90,5.00,4660.27,0.14,4658.83,27.41,4660.29,33.06,4658.73,34.73,4660.37,0.53,4658.59,35.51,4660.40,25.22,4658.50,5.00,4660.47,0.04
1757800418.5798464,4659.46,1.02,4659.47,28.35,4659.44,0.48,4659.56,23.19,4659.39,29.55,4659.66,34.96,4659.37,5.14,4659.78,28.23,4659.29,25.46,4659.87,27.51,4659.20,5.00,4659.98,35.13,4659.18,19.60,4659.99,0.18,4659.05,26.81,4660.07,24.95,4659.00,0.50,4660.08,0.20,4658.95,25.89,4660.20,21.50,4658.90,5.00,4660.27,0.14,4658.83,27.41,4660.29,33.06,4658.73,34.73,4660.37,0.53,4658.59,35.51,4660.40,25.22,4658.50,5.00,4660.47,0.04
1757800419.1454828,4659.46,1.02,4659.47,28.35,4659.44,0.48,4659.56,23.19,4659.39,29.55,4659.66,34.96,4659.37,5.10,4659.78,28.23,4659.29,25.46,4659.87,27.51,4659.20,5.00,4659.98,35.13,4659.18,19.60,4659.99,0.18,4659.05,26.81,4660.07,24.95,4659.00,0.50,4660.08,0.20,4658.95,25.89,4660.20,21.50,4658.90,5.00,4660.27,0.14,4658.83,27.41,4660.29,33.06,4658.73,34.73,4660.37,0.53,4658.59,35.51,4660.40,25.22,4658.50,5.00,4660.47,0.04
1757800419.162095,4659.46,1.42,4659.47,28.35,4659.44,0.48,4659.56,23.19,4659.39,29.55,4659.66,34.96,4659.37,5.10,4659.78,28.23,4659.29,25.46,4659.87,27.51,4659.20,5.00,4659.98,35.13,4659.18,19.60,4659.99,0.18,4659.05,26.81,4660.07,24.95,4659.00,0.50,4660.08,0.20,4658.95,25.89,4660.20,21.50,4658.90,5.00,4660.27,0.14,4658.83,27.41,4660.29,33.06,4658.73,34.73,4660.37,0.53,4658.59,35.51,4660.40,25.22,4658.50,5.00,4660.47,0.04
1757800419.694342,4659.46,1.42,4659.47,28.35,4659.44,0.48,4659.56,23.19,4659.39,29.55,4659.66,34.96,4659.37,0.10,4659.78,28.23,4659.29,25.46,4659.87,27.51,4659.20,5.00,4659.98,35.13,4659.18,19.60,4659.99,0.18,4659.05,26.81,4660.07,24.95,4659.00,0.50,4660.08,0.20,4658.95,25.89,4660.20,21.50,4658.90,5.00,4660.27,0.14,4658.83,27.41,4660.29,33.06,4658.73,34.73,4660.37,0.53,4658.59,35.51,4660.40,25.22,4658.50,5.00,4660.47,0.04
1757800420.288497,4659.46,1.46,4659.47,28.35,4659.44,0.48,4659.56,23.19,4659.39,29.55,4659.66,34.96,4659.29,25.46,4659.78,28.23,4659.20,5.00,4659.87,27.51,4659.18,19.60,4659.98,35.13,4659.05,26.81,4659.99,0.18,4659.00,0.50,4660.07,24.95,4658.95,25.89,4660.08,0.20,4658.90,5.00,4660.20,21.50,4658.83,27.41,4660.27,0.14,4658.73,34.73,4660.29,33.06,4658.59,35.51,4660.37,0.53,4658.50,5.00,4660.40,25.22,4658.49,33.84,4660.47,0.04
1757800420.3663762,4659.46,1.46,4659.47,59.68,4659.44,0.48,4659.56,52.87,4659.39,29.55,4659.66,58.35,4659.29,25.46,4659.75,27.03,4659.20,5.00,4659.78,28.23,4659.18,19.60,4659.87,47.86,4659.05,26.81,4659.97,35.60,4659.00,0.50,4659.98,35.13,4658.95,25.89,4659.99,0.18,4658.90,5.00,4660.07,24.95,4658.83,27.41,4660.08,31.50,4658.73,34.73,4660.18,34.79,4658.59,35.51,4660.20,21.50,4658.50,5.00,4660.27,21.12,4658.49,33.84,4660.29,33.06
1757800420.789119,4659.46,1.46,4659.47,31.33,4659.44,0.48,4659.56,29.68,4659.39,29.55,4659.66,23.39,4659.29,25.46,4659.75,27.03,4659.20,5.00,4659.87,20.35,4659.18,19.60,4659.97,35.60,4659.05,26.81,4659.99,0.18,4659.00,0.50,4660.08,31.50,4658.95,25.89,4660.18,34.79,4658.90,5.00,4660.27,21.12,4658.83,27.41,4660.37,0.53,4658.73,34.73,4660.39,25.65,4658.59,35.51,4660.47,0.04,4658.50,5.00,4660.52,24.44,4658.49,33.84,4660.64,20.68
1757800420.7932866,4659.46,1.46,4659.47,31.33,4659.44,0.48,4659.56,29.68,4659.39,28.27,4659.66,23.39,4659.29,34.53,4659.75,27.03,4659.20,5.00,4659.87,20.35,4659.18,29.26,4659.97,35.60,4659.08,21.35,4659.99,0.18,4659.00,0.50,4660.08,31.50,4658.95,20.37,4660.18,34.79,4658.90,5.00,4660.27,21.12,4658.84,30.31,4660.37,0.53,4658.72,35.23,4660.39,25.65,4658.61,21.74,4660.47,0.04,4658.51,36.05,4660.52,24.44,4658.50,5.00,4660.64,20.68
1757800420.8619921,4659.46,1.46,4659.47,31.33,4659.44,0.48,4659.56,29.68,4659.39,30.31,4659.66,23.39,4659.29,34.53,4659.75,27.03,4659.20,5.00,4659.87,20.35,4659.18,29.26,4659.97,35.60,4659.08,21.35,4659.99,0.18,4659.00,0.50,4660.08,31.50,4658.95,20.37,4660.18,34.79,4658.90,5.00,4660.27,21.12,4658.84,30.31,4660.37,0.53,4658.72,35.23,4660.39,25.65,4658.61,21.74,4660.47,0.04,4658.51,36.05,4660.52,24.44,4658.50,5.00,4660.64,20.68
1757800421.062781,4659.46,6.46,4659.47,31.33,4659.44,0.48,4659.56,29.68,4659.39,30.31,4659.66,23.39,4659.29,34.53,4659.75,27.03,4659.20,5.00,4659.87,20.35,4659.18,29.26,4659.97,35.60,4659.08,21.35,4659.99,0.18,4659.00,0.50,4660.08,31.50,4658.95,20.37,4660.18,34.79,4658.90,5.00,4660.27,21.12,4658.84,30.31,4660.37,0.53,4658.72,35.23,4660.39,25.65,4658.61,21.74,4660.47,0.04,4658.51,36.05,4660.52,24.44,4658.50,5.00,4660.64,20.68
1757800422.6605952,4659.46,6.46,4659.47,31.33,4659.44,0.45,4659.56,29.68,4659.39,30.31,4659.66,23.39,4659.29,34.53,4659.75,27.03,4659.20,5.00,4659.87,20.35,4659.18,29.26,4659.97,35.60,4659.08,21.35,4659.99,0.18,4659.00,0.50,4660.08,31.50,4658.95,20.37,4660.18,34.79,4658.90,5.00,4660.27,21.12,4658.84,30.31,4660.37,0.53,4658.72,35.23,4660.39,25.65,4658.61,21.74,4660.47,0.04,4658.51,36.05,4660.52,24.44,4658.50,5.00,4660.64,20.68
1757800422.8628597,4659.46,6.46,4659.47,29.99,4659.44,0.45,4659.56,34.39,4659.39,30.31,4659.65,20.76,4659.29,34.53,4659.76,29.78,4659.20,5.00,4659.85,29.01,4659.18,29.26,4659.96,24.82,4659.08,21.35,4659.99,0.18,4659.00,0.50,4660.06,34.01,4658.95,20.37,4660.08,0.20,4658.90,5.00,4660.15,30.45,4658.84,30.31,4660.27,34.95,4658.72,35.23,4660.37,0.53,4658.61,21.74,4660.40,21.71,4658.51,36.05,4660.47,0.04,4658.50,5.00,4660.49,29.73
1757800422.9600573,4659.46,6.46,4659.47,29.99,4659.44,0.45,4659.56,34.39,4659.39,32.31,4659.65,20.76,4659.29,26.74,4659.76,29.78,4659.20,5.00,4659.85,29.01,4659.19,21.26,4659.96,24.82,4659.07,35.23,4659.99,0.18,4659.00,0.50,4660.06,34.01,4658.97,32.45,4660.08,0.20,4658.90,5.00,4660.15,30.45,4658.85,30.68,4660.27,34.95,4658.74,33.43,4660.37,0.53,4658.64,26.16,4660.40,21.71,4658.51,26.26,4660.47,0.04,4658.50,5.00,4660.49,29.73
1757800423.46433,4659.46,6.56,4659.47,29.99,4659.44,0.45,4659.56,34.39,4659.39,32.31,4659.65,20.76,4659.29,26.74,4659.76,29.78,4659.20,5.00,4659.85,29.01,4659.19,21.26,4659.96,24.82,4659.07,35.23,4659.99,0.18,4659.00,0.50,4660.06,34.01,4658.97,32.45,4660.08,0.20,4658.90,5.00,4660.15,30.45,4658.85,30.68,4660.27,34.95,4658.74,33.43,4660.37,0.53,4658.64,26.16,4660.40,21.71,4658.51,26.26,4660.47,0.04,4658.50,5.00,4660.49,29.73
1757800423.8636482,4659.46,6.59,4659.47,29.99,4659.44,0.45,4659.56,34.39,4659.39,32.31,4659.65,20.76,4659.29,26.74,4659.76,29.78,4659.20,5.00,4659.85,29.01,4659.19,21.26,4659.96,24.82,4659.07,35.23,4659.99,0.18,4659.00,0.50,4660.06,34.01,4658.97,32.45,4660.08,0.20,4658.90,5.00,4660.15,30.45,4658.85,30.68,4660.27,34.95,4658.74,33.43,4660.37,0.53,4658.64,26.16,4660.40,21.71,4658.51,26.26,4660.47,0.04,4658.50,5.00,4660.49,29.73
1757800424.4802477,4659.46,5.37,4659.47,29.99,4659.44,0.39,4659.56,34.39,4659.39,32.31,4659.65,20.76,4659.29,26.74,4659.76,29.78,4659.20,5.00,4659.85,29.01,4659.19,21.26,4659.96,24.82,4659.07,35.23,4659.99,0.18,4659.00,0.50,4660.06,34.01,4658.97,32.45,4660.08,0.20,4658.90,5.00,4660.15,30.45,4658.85,30.68,4660.27,34.95,4658.74,33.43,4660.37,0.53,4658.64,26.16,4660.40,21.71,4658.51,26.26,4660.47,0.04,4658.50,5.00,4660.49,29.73
1757800425.1611598,4659.46,5.37,4659.47,29.21,4659.39,32.31,4659.56,24.67,4659.29,26.74,4659.66,26.69,4659.20,5.00,4659.79,24.91,4659.19,21.26,4659.91,25.21,4659.07,35.23,4659.99,0.18,4659.00,0.50,4660.00,32.78,4658.97,32.45,4660.08,0.20,4658.90,5.00,4660.11,29.43,4658.85,30.68,4660.23,25.59,4658.74,33.43,4660.27,0.14,4658.64,26.16,4660.33,23.96,4658.51,26.26,4660.37,0.53,4658.50,5.00,4660.45,19.58,4658.37,23.78,4660.47,0.04
1757800425.2774572,4659.46,5.37,4659.47,29.21,4659.39,33.16,4659.56,24.67,4659.29,22.95,4659.66,26.69,4659.20,5.00,4659.79,24.91,4659.18,33.97,4659.91,25.21,4659.04,32.69,4659.99,0.18,4659.00,0.50,4660.00,32.78,4658.91,35.13,4660.08,0.20,4658.90,5.00,4660.11,29.43,4658.81,24.36,4660.23,25.59,4658.69,21.93,4660.27,0.14,4658.56,33.64,4660.33,23.96,4658.50,5.00,4660.37,0.53,4658.45,21.71,4660.45,19.58,4658.32,35.45,4660.47,0.04
1757800425.6642122,4659.46,5.41,4659.47,29.21,4659.39,33.16,4659.56,24.67,4659.29,22.95,4659.66,26.69,4659.20,5.00,4659.79,24.91,4659.18,33.97,4659.91,25.21,4659.04,32.69,4659.99,0.18,4659.00,0.50,4660.00,32.78,4658.91,35.13,4660.08,0.20,4658.90,5.00,4660.11,29.43,4658.81,24.36,4660.23,25.59,4658.69,21.93,4660.27,0.14,4658.56,33.64,4660.33,23.96,4658.50,5.00,4660.37,0.53,4658.45,21.71,4660.45,19.58,4658.32,35.45,4660.47,0.04
1757800426.4604673,4659.46,5.43,4659.47,29.21,4659.39,33.16,4659.56,24.67,4659.29,22.95,4659.66,26.69,4659.20,5.00,4659.79,24.91,4659.18,33.97,4659.91,25.21,4659.04,32.69,4659.99,0.18,4659.00,0.50,4660.00,32.78,4658.91,35.13,4660.08,0.20,4658.90,5.00,4660.11,29.43,4658.81,24.36,4660.23,25.59,4658.69,21.93,4660.27,0.14,4658.56,33.64,4660.33,23.96,4658.50,5.00,4660.37,0.53,4658.45,21.71,4660.45,19.58,4658.32,35.45,4660.47,0.04
1757800426.9647217,4659.46,5.43,4659.47,29.21,4659.39,33.16,4659.56,24.67,4659.29,22.95,4659.66,26.69,4659.20,5.00,4659.79,24.91,4659.18,33.97,4659.91,25.21,4659.04,32.69,4659.99,0.18,4659.00,0.50,4660.00,32.78,4658.91,35.13,4660.08,0.20,4658.90,5.00,4660.11,29.43,4658.81,24.36,4660.23,25.59,4658.69,21.93,4660.27,0.14,4658.56,33.64,4660.33,23.96,4658.50,5.00,4660.37,0.53,4658.45,21.71,4660.45,19.58,4658.32,35.45,4660.46,0.90
1757800427.1600232,4659.46,5.82,4659.47,29.21,4659.39,33.16,4659.56,24.67,4659.29,22.95,4659.66,26.69,4659.20,5.00,4659.79,24.91,4659.18,33.97,4659.91,25.21,4659.04,32.69,4659.99,0.18,4659.00,0.50,4660.00,32.78,4658.91,35.13,4660.08,0.20,4658.90,5.00,4660.11,29.43,4658.81,24.36,4660.23,25.59,4658.69,21.93,4660.27,0.14,4658.56,33.64,4660.33,23.96,4658.50,5.00,4660.37,0.53,4658.45,21.71,4660.45,19.58,4658.32,35.45,4660.46,0.90
1757800427.3623102,4659.46,5.82,4659.47,32.06,4659.39,33.16,4659.56,21.17,4659.29,22.95,4659.66,31.23,4659.20,5.00,4659.75,22.84,4659.18,33.97,4659.88,24.49,4659.04,32.69,4659.99,0.18,4659.00,0.50,4660.01,24.14,4658.91,35.13,4660.08,0.20,4658.90,5.00,4660.14,23.99,4658.81,24.36,4660.27,32.88,4658.69,21.93,4660.37,0.53,4658.56,33.64,4660.40,26.50,4658.50,5.00,4660.46,0.90,4658.45,21.71,4660.47,0.04,4658.32,35.45,4660.51,36.11
1757800427.5626564,4659.46,5.82,4659.47,32.06,4659.39,26.57,4659.56,21.17,4659.29,26.30,4659.66,31.23,4659.20,5.00,4659.75,22.84,4659.18,25.36,4659.88,24.49,4659.08,31.39,4659.99,0.18,4659.00,0.50,4660.01,24.14,4658.94,23.05,4660.08,0.20,4658.90,5.00,4660.14,23.99,4658.80,35.05,4660.27,32.88,4658.66,24.20,4660.37,0.53,4658.52,20.84,4660.40,26.50,4658.50,5.00,4660.46,0.90,4658.38,35.95,4660.47,0.04,4658.26,20.43,4660.51,36.11
1757800428.660177,4659.46,5.82,4659.47,32.06,4659.39,26.57,4659.56,21.17,4659.29,26.30,4659.66,31.23,4659.20,5.00,4659.75,22.84,4659.18,25.36,4659.88,24.49,4659.08,31.39,4659.99,0.18,4659.00,0.50,4660.01,24.14,4658.94,23.05,4660.08,0.20,4658.90,5.00,4660.14,23.99,4658.80,35.05,4660.27,32.88,4658.66,24.20,4660.36,0.12,4658.52,20.84,4660.37,0.53,4658.50,5.00,4660.40,26.50,4658.38,35.95,4660.46,0.90,4658.26,20.43,4660.47,0.04
1757800429.668817,4659.46,5.82,4659.47,33.07,4659.39,26.57,4659.56,32.06,4659.29,26.30,4659.68,27.17,4659.20,5.00,4659.80,26.44,4659.18,25.36,4659.89,19.73,4659.08,31.39,4659.99,0.18,4659.00,0.50,4660.01,33.12,4658.94,23.05,4660.08,0.20,4658.90,5.00,4660.12,34.40,4658.80,35.05,4660.22,23.25,4658.66,24.20,4660.27,0.14,4658.52,20.84,4660.32,27.55,4658.50,5.00,4660.36,0.12,4658.38,35.95,4660.37,0.53,4658.26,20.43,4660.42,32.85
1757800429.861711,4659.46,5.82,4659.47,33.07,4659.40,5.00,4659.56,32.06,4659.39,27.24,4659.68,27.17,4659.29,27.27,4659.80,26.44,4659.20,5.00,4659.89,19.73,4659.16,24.79,4659.99,0.18,4659.03,30.10,4660.01,33.12,4659.00,0.50,4660.08,0.20,4658.93,24.77,4660.12,34.40,4658.90,5.00,4660.22,23.25,4658.80,24.10,4660.27,0.14,4658.68,19.69,4660.32,27.55,4658.57,33.39,4660.36,0.12,4658.50,5.00,4660.37,0.53,4658.46,22.97,4660.42,32.85
1757800429.9680831,4659.46,5.62,4659.47,33.07,4659.40,5.00,4659.56,32.06,4659.39,27.24,4659.68,27.17,4659.29,27.27,4659.80,26.44,4659.20,5.00,4659.89,19.73,4659.16,24.79,4659.99,0.18,4659.03,30.10,4660.01,33.12,4659.00,0.50,4660.08,0.20,4658.93,24.77,4660.12,34.40,4658.90,5.00,4660.22,23.25,4658.80,24.10,4660.27,0.14,4658.68,19.69,4660.32,27.55,4658.57,33.39,4660.36,0.12,4658.50,5.00,4660.37,0.53,4658.46,22.97,4660.42,32.85
1757800430.7607954,4659.46,5.62,4659.47,33.07,4659.40,5.00,4659.56,32.06,4659.39,27.24,4659.68,27.17,4659.29,27.27,4659.80,26.44,4659.20,5.00,4659.89,19.73,4659.16,24.79,4659.99,0.18,4659.03,30.10,4660.01,33.12,4659.00,0.50,4660.08,0.20,4658.93,24.77,4660.12,34.40,4658.90,5.00,4660.22,23.25,4658.80,24.10,4660.26,0.20,4658.68,19.69,4660.27,0.14,4658.57,33.39,4660.32,27.55,4658.50,5.00,4660.36,0.12,4658.46,22.97,4660.37,0.53
1757800431.460826,4659.46,5.58,4659.47,33.07,4659.40,5.00,4659.56,32.06,4659.39,27.24,4659.68,27.17,4659.29,27.27,4659.80,26.44,4659.20,5.00,4659.89,19.73,4659.16,24.79,4659.99,0.18,4659.03,30.10,4660.01,33.12,4659.00,0.50,4660.08,0.20,4658.93,24.77,4660.12,34.40,4658.90,5.00,4660.22,23.25,4658.80,24.10,4660.26,0.20,4658.68,19.69,4660.27,0.14,4658.57,33.39,4660.32,27.55,4658.50,5.00,4660.36,0.12,4658.46,22.97,4660.37,0.53
1757800432.0623133,4659.46,5.58,4659.47,30.26,4659.40,5.00,4659.56,33.51,4659.39,27.24,4659.69,24.82,4659.29,27.27,4659.79,31.42,4659.20,5.00,4659.88,21.59,4659.16,24.79,4659.99,0.18,4659.03,30.10,4660.01,32.73,4659.00,0.50,4660.08,0.20,4658.93,24.77,4660.11,22.35,4658.90,5.00,4660.24,31.30,4658.80,24.10,4660.26,0.20,4658.68,19.69,4660.27,0.14,4658.57,33.39,4660.36,24.68,4658.50,5.00,4660.37,0.53,4658.46,22.97,4660.46,0.90
1757800432.1616051,4659.46,5.58,4659.47,30.26,4659.40,5.00,4659.56,33.51,4659.39,62.36,4659.69,24.82,4659.29,47.60,4659.79,31.42,4659.20,5.00,4659.88,21.59,4659.16,24.79,4659.99,0.18,4659.15,20.15,4660.01,32.73,4659.04,34.77,4660.08,0.20,4659.03,30.10,4660.11,22.35,4659.00,0.50,4660.24,31.30,4658.94,24.31,4660.26,0.20,4658.93,24.77,4660.27,0.14,4658.90,5.00,4660.36,24.68,4658.80,49.98,4660.37,0.53,4658.69,20.75,4660.46,0.90
1757800432.2623193,4659.46,5.58,4659.47,30.26,4659.40,5.00,4659.56,33.51,4659.39,37.16,4659.69,24.82,4659.29,20.33,4659.79,31.42,4659.20,5.00,4659.88,21.59,4659.15,20.15,4659.99,0.18,4659.04,34.77,4660.01,32.73,4659.00,0.50,4660.08,0.20,4658.94,24.31,4660.11,22.35,4658.90,5.00,4660.24,31.30,4658.80,25.88,4660.26,0.20,4658.69,20.75,4660.27,0.14,4658.55,19.83,4660.36,24.68,4658.50,5.00,4660.37,0.53,4658.42,29.48,4660.46,0.90
1757800432.465723,4659.46,4.34,4659.47,30.26,4659.40,5.00,4659.56,33.51,4659.39,37.16,4659.69,24.82,4659.29,20.33,4659.79,31.42,4659.20,5.00,4659.88,21.59,4659.15,20.15,4659.99,0.18,4659.04,34.77,4660.01,32.73,4659.00,0.50,4660.08,0.20,4658.94,24.31,4660.11,22.35,4658.90,5.00,4660.24,31.30,4658.80,25.88,4660.26,0.20,4658.69,20.75,4660.27,0.14,4658.55,19.83,4660.36,24.68,4658.50,5.00,4660.37,0.53,4658.42,29.48,4660.46,0.90
1757800432.5641382,4659.46,0.58,4659.47,30.26,4659.40,5.00,4659.56,33.51,4659.39,37.16,4659.69,24.82,4659.29,20.33,4659.79,31.42,4659.20,5.00,4659.88,21.59,4659.15,20.15,4659.99,0.18,4659.04,34.77,4660.01,32.73,4659.00,0.50,4660.08,0.20,4658.94,24.31,4660.11,22.35,4658.90,5.00,4660.24,31.30,4658.80,25.88,4660.26,0.20,4658.69,20.75,4660.27,0.14,4658.55,19.83,4660.36,24.68,4658.50,5.00,4660.37,0.53,4658.42,29.48,4660.46,0.90
1757800432.964771,4659.46,0.62,4659.47,30.26,4659.40,5.00,4659.56,33.51,4659.39,37.16,4659.69,24.82,4659.29,20.33,4659.79,31.42,4659.20,5.00,4659.88,21.59,4659.15,20.15,4659.99,0.18,4659.04,34.77,4660.01,32.73,4659.00,0.50,4660.08,0.20,4658.94,24.31,4660.11,22.35,4658.90,5.00,4660.24,31.30,4658.80,25.88,4660.26,0.20,4658.69,20.75,4660.27,0.14,4658.55,19.83,4660.36,24.68,4658.50,5.00,4660.37,0.53,4658.42,29.48,4660.46,0.90
1757800433.4608436,4659.46,0.62,4659.47,27.80,4659.40,5.00,4659.56,33.51,4659.39,37.16,4659.69,24.82,4659.29,20.33,4659.79,31.42,4659.20,5.00,4659.88,21.59,4659.15,20.15,4659.99,0.18,4659.04,34.77,4660.01,32.73,4659.00,0.50,4660.08,0.20,4658.94,24.31,4660.11,22.35,4658.90,5.00,4660.24,31.30,4658.80,25.88,4660.26,0.20,4658.69,20.75,4660.27,0.14,4658.55,19.83,4660.36,24.68,4658.50,5.00,4660.37,0.53,4658.42,29.48,4660.46,0.90
1757800434.1605957,4659.46,0.62,4659.56,33.51,4659.40,37.43,4659.69,24.82,4659.39,37.16,4659.79,31.42,4659.29,20.33,4659.88,21.59,4659.20,5.00,4659.99,0.18,4659.15,20.15,4660.01,32.73,4659.04,34.77,4660.08,0.20,4659.00,0.50,4660.11,22.35,4658.94,24.31,4660.24,31.30,4658.90,5.00,4660.26,0.20,4658.80,25.88,4660.27,0.14,4658.69,20.75,4660.36,24.68,4658.55,19.83,4660.37,0.53,4658.50,5.00,4660.46,0.90,4658.42,29.48,4660.47,0.04
1757800434.260093,4659.50,30.32,4659.69,24.82,4659.46,0.62,4659.79,31.42,4659.40,37.43,4659.88,21.59,4659.39,37.16,4659.99,0.18,4659.29,20.33,4660.01,32.73,4659.20,5.00,4660.08,0.20,4659.15,20.15,4660.11,22.35,4659.04,34.77,4660.24,31.30,4659.00,0.50,4660.26,0.20,4658.94,24.31,4660.27,0.14,4658.90,5.00,4660.36,24.68,4658.80,25.88,4660.37,0.53,4658.69,20.75,4660.46,0.90,4658.55,19.83,4660.47,0.04,4658.50,5.00,4660.48,29.98
1757800434.9607294,4659.50,30.32,4659.69,24.82,4659.46,0.59,4659.79,31.42,4659.40,37.43,4659.88,21.59,4659.39,37.16,4659.99,0.18,4659.29,20.33,4660.01,32.73,4659.20,5.00,4660.08,0.20,4659.15,20.15,4660.11,22.35,4659.04,34.77,4660.24,31.30,4659.00,0.50,4660.26,0.20,4658.94,24.31,4660.27,0.14,4658.90,5.00,4660.36,24.68,4658.80,25.88,4660.37,0.53,4658.69,20.75,4660.46,0.90,4658.55,19.83,4660.47,0.04,4658.50,5.00,4660.48,29.98
1757800435.0603757,4659.50,30.32,4659.69,24.82,4659.46,0.49,4659.79,31.42,4659.40,37.43,4659.88,21.59,4659.39,37.16,4659.99,0.18,4659.29,20.33,4660.01,32.73,4659.20,5.00,4660.08,0.20,4659.15,20.15,4660.11,22.35,4659.04,34.77,4660.24,31.30,4659.00,0.50,4660.26,0.20,4658.94,24.31,4660.27,0.14,4658.90,5.00,4660.36,24.68,4658.80,25.88,4660.37,0.53,4658.69,20.75,4660.46,0.90,4658.55,19.83,4660.47,0.04,4658.50,5.00,4660.48,29.98
1757800436.160646,4659.68,0.03,4659.69,24.82,4659.50,30.32,4659.79,31.42,4659.46,0.49,4659.88,21.59,4659.40,37.43,4659.99,0.18,4659.39,37.16,4660.01,32.73,4659.29,20.33,4660.08,0.20,4659.20,5.00,4660.11,22.35,4659.15,20.15,4660.24,31.30,4659.04,34.77,4660.26,0.20,4659.00,0.50,4660.27,0.14,4658.94,24.31,4660.36,24.68,4658.90,5.00,4660.37,0.53,4658.80,25.88,4660.46,0.90,4658.69,20.75,4660.47,0.04,4658.55,19.83,4660.48,29.98
1757800436.4605713,4659.50,30.32,4659.58,26.57,4659.46,0.49,4659.67,30.31,4659.40,37.43,4659.79,23.03,4659.39,37.16,4659.92,33.60,4659.29,20.33,4659.99,0.18,4659.20,5.00,4660.02,21.65,4659.15,20.15,4660.08,0.20,4659.04,34.77,4660.11,23.57,4659.00,0.50,4660.22,31.70,4658.94,24.31,4660.26,0.20,4658.90,5.00,4660.27,0.14,4658.80,25.88,4660.34,31.55,4658.69,20.75,4660.36,0.12,4658.55,19.83,4660.37,0.53,4658.50,5.00,4660.44,32.22
1757800436.5618935,4659.50,31.69,4659.58,26.57,4659.46,0.49,4659.67,30.31,4659.40,37.06,4659.79,23.03,4659.39,2.04,4659.92,33.60,4659.27,32.02,4659.99,0.18,4659.20,5.00,4660.02,21.65,4659.13,34.05,4660.08,0.20,4659.02,33.44,4660.11,23.57,4659.00,0.50,4660.22,31.70,4658.92,29.85,4660.26,0.20,4658.90,5.00,4660.27,0.14,4658.80,20.66,4660.34,31.55,4658.67,31.56,4660.36,0.12,4658.56,26.42,4660.37,0.53,4658.50,5.00,4660.44,32.22
1757800436.6622617,4659.50,31.69,4659.58,26.57,4659.46,0.45,4659.67,30.31,4659.40,37.06,4659.79,23.03,4659.39,2.04,4659.92,33.60,4659.27,32.02,4659.99,0.18,4659.20,5.00,4660.02,21.65,4659.13,34.05,4660.08,0.20,4659.02,33.44,4660.11,23.57,4659.00,0.50,4660.22,31.70,4658.92,29.85,4660.26,0.20,4658.90,5.00,4660.27,0.14,4658.80,20.66,4660.34,31.55,4658.67,31.56,4660.36,0.12,4658.56,26.42,4660.37,0.53,4658.50,5.00,4660.44,32.22
1757800437.8625162,4659.57,0.04,4659.58,26.57,4659.50,31.69,4659.67,30.31,4659.46,0.45,4659.79,23.03,4659.40,37.06,4659.92,33.60,4659.39,2.04,4659.99,0.18,4659.27,32.02,4660.02,21.65,4659.20,5.00,4660.08,0.20,4659.13,34.05,4660.11,23.57,4659.02,33.44,4660.22,31.70,4659.00,0.50,4660.26,0.20,4658.92,29.85,4660.27,0.14,4658.90,5.00,4660.34,31.55,4658.80,20.66,4660.36,0.12,4658.67,31.56,4660.37,0.53,4658.56,26.42,4660.44,32.22
1757800437.960317,4659.57,0.04,4659.58,26.57,4659.50,31.69,4659.67,30.31,4659.46,0.43,4659.79,23.03,4659.40,37.06,4659.92,33.60,4659.39,2.04,4659.99,0.18,4659.27,32.02,4660.02,21.65,4659.20,5.00,4660.08,0.20,4659.13,34.05,4660.11,23.57,4659.02,33.44,4660.22,31.70,4659.00,0.50,4660.26,0.20,4658.92,29.85,4660.27,0.14,4658.90,5.00,4660.34,31.55,4658.80,20.66,4660.36,0.12,4658.67,31.56,4660.37,0.53,4658.56,26.42,4660.44,32.22
1757800438.560622,4659.57,0.04,4659.58,26.57,4659.50,31.69,4659.67,30.31,4659.46,0.04,4659.79,23.03,4659.40,37.06,4659.92,33.60,4659.39,2.04,4659.99,0.18,4659.27,32.02,4660.02,21.65,4659.20,5.00,4660.08,0.20,4659.13,34.05,4660.11,23.57,4659.02,33.44,4660.22,31.70,4659.00,0.50,4660.26,0.20,4658.92,29.85,4660.27,0.14,4658.90,5.00,4660.34,31.55,4658.80,20.66,4660.36,0.12,4658.67,31.56,4660.37,0.53,4658.56,26.42,4660.44,32.22
1757800438.7614894,4659.57,0.04,4659.58,25.30,4659.50,31.69,4659.67,22.80,4659.46,0.04,4659.80,29.11,4659.40,37.06,4659.92,28.82,4659.39,2.04,4659.99,0.18,4659.27,32.02,4660.01,21.79,4659.20,5.00,4660.08,0.20,4659.13,34.05,4660.13,29.11,4659.02,33.44,4660.23,29.68,4659.00,0.50,4660.26,0.20,4658.92,29.85,4660.27,0.14,4658.90,5.00,4660.36,29.36,4658.80,20.66,4660.37,0.53,4658.67,31.56,4660.46,0.90,4658.56,26.42,4660.47,25.62
1757800438.8613708,4659.57,0.04,4659.58,25.30,4659.50,30.75,4659.67,22.80,4659.46,0.04,4659.80,29.11,4659.40,34.94,4659.92,28.82,4659.39,2.04,4659.99,0.18,4659.26,28.72,4660.01,21.79,4659.20,5.00,4660.08,0.20,4659.13,35.74,4660.13,29.11,4659.03,32.59,4660.23,29.68,4659.00,0.50,4660.26,0.20,4658.90,37.24,4660.27,0.14,4658.79,20.69,4660.36,29.36,4658.65,31.59,4660.37,0.53,4658.53,35.04,4660.46,0.90,4658.50,5.00,4660.47,25.62
1757800438.9604845,4659.57,0.14,4659.58,25.30,4659.50,30.75,4659.67,22.80,4659.46,0.04,4659.80,29.11,4659.40,34.94,4659.92,28.82,4659.39,2.04,4659.99,0.18,4659.26,28.72,4660.01,21.79,4659.20,5.00,4660.08,0.20,4659.13,35.74,4660.13,29.11,4659.03,32.59,4660.23,29.68,4659.00,0.50,4660.26,0.20,4658.90,37.24,4660.27,0.14,4658.79,20.69,4660.36,29.36,4658.65,31.59,4660.37,0.53,4658.53,35.04,4660.46,0.90,4658.50,5.00,4660.47,25.62
1757800440.0615604,4659.57,0.16,4659.58,25.30,4659.50,30.75,4659.67,22.80,4659.46,0.04,4659.80,29.11,4659.40,34.94,4659.92,28.82,4659.39,2.04,4659.99,0.18,4659.26,28.72,4660.01,21.79,4659.20,5.00,4660.08,0.20,4659.13,35.74,4660.13,29.11,4659.03,32.59,4660.23,29.68,4659.00,0.50,4660.26,0.20,4658.90,37.24,4660.27,0.14,4658.79,20.69,4660.36,29.36,4658.65,31.59,4660.37,0.53,4658.53,35.04,4660.46,0.90,4658.50,5.00,4660.47,25.62
1757800440.56257,4659.57,0.55,4659.58,25.30,4659.50,30.75,4659.67,22.80,4659.46,0.04,4659.80,29.11,4659.40,34.94,4659.92,28.82,4659.39,2.04,4659.99,0.18,4659.26,28.72,4660.01,21.79,4659.20,5.00,4660.08,0.20,4659.13,35.74,4660.13,29.11,4659.03,32.59,4660.23,29.68,4659.00,0.50,4660.26,0.20,4658.90,37.24,4660.27,0.14,4658.79,20.69,4660.36,29.36,4658.65,31.59,4660.37,0.53,4658.53,35.04,4660.46,0.90,4658.50,5.00,4660.47,25.62
1757800440.9602876,4659.57,0.55,4659.58,22.80,4659.50,30.75,4659.67,27.49,4659.46,0.04,4659.77,30.65,4659.40,34.94,4659.90,35.25,4659.39,2.04,4659.99,0.18,4659.26,28.72,4660.03,35.18,4659.20,5.00,4660.08,0.20,4659.13,35.74,4660.15,21.22,4659.03,32.59,4660.26,0.20,4659.00,0.50,4660.27,0.14,4658.90,37.24,4660.28,21.29,4658.79,20.69,4660.36,0.12,4658.65,31.59,4660.37,21.17,4658.53,35.04,4660.46,0.90,4658.50,5.00,4660.47,27.23
1757800441.0606766,4659.57,0.55,4659.58,22.80,4659.50,26.52,4659.67,27.49,4659.46,0.04,4659.77,30.65,4659.40,39.60,4659.90,35.25,4659.39,2.04,4659.99,0.18,4659.29,34.60,4660.03,35.18,4659.20,5.00,4660.08,0.20,4659.15,34.43,4660.15,21.22,4659.01,21.27,4660.26,0.20,4659.00,0.50,4660.27,0.14,4658.90,5.00,4660.28,21.29,4658.88,20.97,4660.36,0.12,4658.74,31.46,4660.37,21.17,4658.64,26.37,4660.46,0.90,4658.53,30.41,4660.47,27.23
1757800442.962475,4659.57,0.55,4659.77,30.65,4659.50,26.52,4659.90,35.25,4659.46,0.04,4659.99,0.18,4659.40,39.60,4660.03,35.18,4659.39,2.04,4660.08,0.20,4659.29,34.60,4660.15,21.22,4659.20,5.00,4660.26,0.20,4659.15,34.43,4660.27,0.14,4659.01,21.27,4660.28,21.29,4659.00,0.50,4660.36,0.12,4658.90,5.00,4660.37,21.17,4658.88,20.97,4660.46,0.90,4658.74,31.46,4660.47,27.23,4658.64,26.37,4660.57,28.46,4658.53,30.41,4660.66,1.24
1757800443.0614061,4659.93,24.46,4659.99,0.18,4659.83,33.08,4660.03,35.18,4659.73,26.34,4660.08,0.20,4659.69,23.10,4660.15,21.22,4659.59,29.81,4660.26,0.20,4659.57,0.55,4660.27,0.14,4659.50,26.52,4660.28,21.29,4659.46,0.04,4660.36,0.12,4659.40,39.60,4660.37,21.17,4659.39,2.04,4660.46,0.90,4659.29,34.60,4660.47,27.23,4659.20,5.00,4660.57,28.46,4659.15,34.43,4660.66,1.24,4659.01,21.27,4660.70,33.87,4659.00,0.50,4660.77,0.03
1757800443.6617725,4659.95,28.36,4659.99,0.18,4659.93,24.46,4660.03,35.18,4659.83,33.08,4660.08,0.20,4659.73,26.34,4660.15,21.22,4659.69,23.10,4660.26,0.20,4659.59,29.81,4660.27,0.14,4659.57,0.55,4660.28,21.29,4659.50,26.52,4660.36,0.12,4659.46,0.04,4660.37,21.17,4659.40,39.60,4660.46,0.90,4659.39,2.04,4660.47,27.23,4659.29,34.60,4660.57,28.46,4659.20,5.00,4660.66,1.24,4659.15,34.43,4660.70,33.87,4659.01,21.27,4660.77,0.03
1757800443.8605866,4659.97,35.62,4659.99,0.18,4659.95,28.36,4660.08,0.20,4659.93,24.46,4660.15,21.22,4659.83,33.08,4660.26,0.20,4659.73,26.34,4660.27,0.14,4659.69,23.10,4660.28,21.29,4659.59,29.81,4660.36,0.12,4659.57,0.55,4660.37,21.17,4659.50,26.52,4660.46,0.90,4659.46,0.04,4660.47,27.23,4659.40,39.60,4660.57,28.46,4659.39,2.04,4660.66,1.24,4659.29,34.60,4660.70,33.87,4659.20,5.00,4660.77,0.03,4659.15,34.43,4660.83,36.18
1757800443.959988,4660.20,23.90,4660.26,0.20,4660.10,31.39,4660.27,0.14,4659.99,19.77,4660.28,21.29,4659.97,35.62,4660.36,0.12,4659.95,28.36,4660.37,21.17,4659.93,24.46,4660.46,0.90,4659.83,33.08,4660.47,27.23,4659.73,26.34,4660.57,28.46,4659.69,23.10,4660.66,1.24,4659.59,29.81,4660.70,33.87,4659.57,0.55,4660.77,0.03,4659.50,26.52,4660.83,36.18,4659.46,0.04,4660.94,30.46,4659.40,39.60,4660.98,0.03,4659.39,2.04,4661.07,20.92
1757800444.0607216,4660.20,23.90,4660.26,0.20,4660.10,31.39,4660.27,0.14,4659.99,19.77,4660.28,21.29,4659.97,35.62,4660.36,0.12,4659.95,28.36,4660.37,21.17,4659.93,24.46,4660.46,0.90,4659.83,33.08,4660.47,27.23,4659.73,26.34,4660.57,28.46,4659.69,23.10,4660.66,1.24,4659.59,29.81,4660.70,33.87,4659.57,0.55,4660.77,0.03,4659.50,26.52,4660.83,36.18,4659.40,39.60,4660.94,30.46,4659.39,2.04,4660.98,0.03,4659.29,34.60,4661.07,20.92
1757800444.5633616,4660.27,32.32,4660.36,0.12,4660.20,23.90,4660.37,21.17,4660.10,31.39,4660.46,0.90,4659.99,19.77,4660.47,27.23,4659.97,35.62,4660.57,28.46,4659.95,28.36,4660.66,1.24,4659.93,24.46,4660.70,33.87,4659.83,33.08,4660.77,0.03,4659.73,26.34,4660.83,36.18,4659.69,23.10,4660.94,30.46,4659.59,29.81,4660.98,0.03,4659.57,0.55,4661.07,20.92,4659.50,26.52,4661.15,0.54,4659.40,39.60,4661.17,22.24,4659.39,2.04,4661.24,0.06
1757800444.6614926,4660.36,23.52,4660.37,0.53,4660.27,32.32,4660.46,0.90,4660.25,0.20,4660.47,0.04,4660.20,23.90,4660.57,28.46,4660.10,31.39,4660.66,1.24,4659.99,19.77,4660.70,33.87,4659.97,35.62,4660.77,0.03,4659.95,28.36,4660.83,36.18,4659.93,24.46,4660.94,30.46,4659.83,33.08,4660.98,0.03,4659.73,26.34,4661.07,20.92,4659.69,23.10,4661.15,0.54,4659.59,29.81,4661.17,22.24,4659.57,0.55,4661.24,0.06,4659.50,26.52,4661.27,0.23
1757800444.7608116,4660.44,23.94,4660.46,0.90,4660.36,23.52,4660.47,0.04,4660.27,32.32,4660.57,28.46,4660.25,0.20,4660.66,1.24,4660.20,23.90,4660.70,33.87,4660.10,31.39,4660.77,0.03,4659.99,19.77,4660.83,36.18,4659.97,35.62,4660.94,30.46,4659.95,28.36,4660.98,0.03,4659.93,24.46,4661.07,20.92,4659.83,33.08,4661.15,0.54,4659.73,26.34,4661.17,22.24,4659.69,23.10,4661.24,0.06,4659.59,29.81,4661.27,0.23,4659.57,0.55,4661.28,0.16
1757800445.46319,4660.45,25.73,4660.46,0.90,4660.44,23.94,4660.47,0.04,4660.36,23.52,4660.57,28.46,4660.27,32.32,4660.66,1.24,4660.25,0.20,4660.70,33.87,4660.20,23.90,4660.77,0.03,4660.10,31.39,4660.83,36.18,4659.99,19.77,4660.94,30.46,4659.97,35.62,4660.98,0.03,4659.95,28.36,4661.07,20.92,4659.93,24.46,4661.15,0.54,4659.83,33.08,4661.17,22.24,4659.73,26.34,4661.24,0.06,4659.69,23.10,4661.27,0.23,4659.59,29.81,4661.28,0.16
1757800445.5633643,4660.48,32.62,4660.57,28.46,4660.45,25.77,4660.66,1.24,4660.44,23.94,4660.70,33.87,4660.36,23.52,4660.77,0.03,4660.27,32.32,4660.83,36.18,4660.25,0.20,4660.94,30.46,4660.20,23.90,4660.98,0.03,4660.10,31.39,4661.07,20.92,4659.99,19.77,4661.15,0.54,4659.97,35.62,4661.17,22.24,4659.95,28.36,4661.24,0.06,4659.93,24.46,4661.27,0.23,4659.83,33.08,4661.28,0.16,4659.73,26.34,4661.29,24.99,4659.69,23.10,4661.30,0.03
1757800445.9624789,4660.48,32.62,4660.57,28.46,4660.45,25.79,4660.66,1.24,4660.44,23.94,4660.70,33.87,4660.36,23.52,4660.77,0.03,4660.27,32.32,4660.83,36.18,4660.25,0.20,4660.94,30.46,4660.20,23.90,4660.98,0.03,4660.10,31.39,4661.07,20.92,4659.99,19.77,4661.15,0.54,4659.97,35.62,4661.17,22.24,4659.95,28.36,4661.24,0.06,4659.93,24.46,4661.27,0.23,4659.83,33.08,4661.28,0.16,4659.73,26.34,4661.29,24.99,4659.69,23.10,4661.30,0.03
1757800446.266619,4660.56,0.12,4660.57,28.46,4660.48,32.62,4660.66,1.24,4660.45,25.79,4660.70,33.87,4660.44,23.94,4660.77,0.03,4660.36,23.52,4660.83,36.18,4660.27,32.32,4660.94,30.46,4660.25,0.20,4660.98,0.03,4660.20,23.90,4661.07,20.92,4660.10,31.39,4661.15,0.54,4659.99,19.77,4661.17,22.24,4659.97,35.62,4661.24,0.06,4659.95,28.36,4661.27,0.23,4659.93,24.46,4661.28,0.16,4659.83,33.08,4661.29,24.99,4659.73,26.34,4661.30,0.03
1757800446.7614172,4660.56,1.02,4660.57,28.46,4660.48,32.62,4660.66,1.24,4660.45,25.79,4660.70,33.87,4660.44,23.94,4660.77,0.03,4660.36,23.52,4660.83,36.18,4660.27,32.32,4660.94,30.46,4660.25,0.20,4660.98,0.03,4660.20,23.90,4661.07,20.92,4660.10,31.39,4661.15,0.54,4659.99,19.77,4661.17,22.24,4659.97,35.62,4661.24,0.06,4659.95,28.36,4661.27,0.23,4659.93,24.46,4661.28,0.16,4659.83,33.08,4661.29,24.99,4659.73,26.34,4661.30,0.03
1757800447.0597465,4660.56,1.42,4660.57,28.46,4660.48,32.62,4660.66,1.24,4660.45,25.79,4660.70,33.87,4660.44,23.94,4660.77,0.03,4660.36,23.52,4660.83,36.18,4660.27,32.32,4660.94,30.46,4660.25,0.20,4660.98,0.03,4660.20,23.90,4661.07,20.92,4660.10,31.39,4661.15,0.54,4659.99,19.77,4661.17,22.24,4659.97,35.62,4661.24,0.06,4659.95,28.36,4661.27,0.23,4659.93,24.46,4661.28,0.16,4659.83,33.08,4661.29,24.99,4659.73,26.34,4661.30,0.03
1757800447.7614517,4660.48,32.62,4660.56,34.30,4660.45,25.79,4660.65,21.99,4660.44,23.94,4660.66,1.24,4660.36,23.52,4660.75,31.79,4660.27,32.32,4660.77,0.03,4660.25,0.20,4660.88,20.30,4660.20,23.90,4660.98,33.50,4660.10,31.39,4661.07,26.06,4659.99,19.77,4661.15,0.54,4659.97,35.62,4661.18,29.73,4659.95,28.36,4661.24,0.06,4659.93,24.46,4661.27,0.23,4659.83,33.08,4661.28,0.16,4659.73,26.34,4661.30,0.03,4659.69,23.10,4661.31,27.09
1757800447.8661313,4660.52,20.98,4660.65,21.99,4660.48,33.58,4660.66,1.24,4660.45,0.06,4660.75,31.79,4660.38,35.46,4660.77,0.03,4660.27,28.26,4660.88,20.30,4660.25,0.20,4660.98,33.50,4660.13,32.03,4661.07,26.06,4660.02,20.47,4661.15,0.54,4659.92,26.43,4661.18,29.73,4659.80,34.71,4661.24,0.06,4659.66,20.03,4661.27,0.23,4659.57,0.55,4661.28,0.16,4659.52,25.11,4661.30,0.03,4659.41,35.36,4661.31,27.09,4659.40,5.00,4661.32,0.14
1757800448.6600096,4660.52,20.98,4660.62,34.80,4660.48,33.58,4660.65,21.99,4660.45,0.06,4660.66,1.24,4660.38,35.46,4660.75,31.79,4660.27,28.26,4660.77,0.03,4660.25,0.20,4660.88,20.30,4660.13,32.03,4660.98,33.50,4660.02,20.47,4661.07,26.06,4659.92,26.43,4661.15,0.54,4659.80,34.71,4661.18,29.73,4659.66,20.03,4661.24,0.06,4659.57,0.55,4661.27,0.23,4659.52,25.11,4661.28,0.16,4659.41,35.36,4661.30,0.03,4659.40,5.00,4661.31,27.09
1757800448.7632353,4660.54,33.06,4660.62,34.80,4660.52,20.98,4660.65,21.99,4660.48,33.58,4660.66,1.24,4660.45,0.06,4660.75,31.79,4660.38,35.46,4660.77,0.03,4660.27,28.26,4660.88,20.30,4660.25,0.20,4660.98,33.50,4660.13,32.03,4661.07,26.06,4660.02,20.47,4661.15,0.54,4659.92,26.43,4661.18,29.73,4659.80,34.71,4661.24,0.06,4659.66,20.03,4661.27,0.23,4659.57,0.55,4661.28,0.16,4659.52,25.11,4661.30,0.03,4659.41,35.36,4661.31,27.09
1757800448.8659625,4660.54,33.06,4660.62,34.80,4660.52,20.98,4660.65,21.99,4660.48,33.58,4660.66,1.24,4660.45,0.06,4660.75,31.79,4660.38,35.46,4660.77,0.03,4660.27,28.26,4660.88,20.30,4660.25,0.20,4660.98,33.50,4660.13,32.03,4661.07,26.06,4660.02,20.47,4661.15,0.54,4659.92,26.43,4661.18,29.73,4659.80,34.71,4661.24,0.06,4659.66,20.03,4661.27,0.23,4659.57,0.51,4661.28,0.16,4659.52,25.11,4661.30,0.03,4659.41,35.36,4661.31,27.09
1757800449.2606566,4660.56,32.50,4660.65,21.99,4660.54,33.06,4660.66,1.24,4660.52,20.98,4660.75,31.79,4660.48,33.58,4660.77,0.03,4660.45,0.06,4660.88,20.30,4660.38,35.46,4660.98,33.50,4660.27,28.26,4661.07,26.06,4660.25,0.20,4661.15,0.54,4660.13,32.03,4661.18,29.73,4660.02,20.47,4661.24,0.06,4659.92,26.43,4661.27,0.23,4659.80,34.71,4661.28,0.16,4659.66,20.03,4661.30,0.03,4659.57,0.51,4661.31,27.09,4659.52,25.11,4661.32,0.14
1757800449.3619957,4660.67,33.16,4660.75,31.79,4660.57,35.90,4660.77,0.03,4660.56,32.50,4660.88,20.30,4660.54,33.06,4660.98,33.50,4660.52,20.98,4661.07,26.06,4660.48,33.58,4661.15,0.54,4660.45,0.06,4661.18,29.73,4660.38,35.46,4661.24,0.06,4660.27,28.26,4661.27,0.23,4660.25,0.20,4661.28,0.16,4660.13,32.03,4661.30,0.03,4660.02,20.47,4661.31,27.09,4659.92,26.43,4661.32,0.14,4659.80,34.71,4661.36,0.40,4659.66,20.03,4661.40,0.92
1757800449.7613995,4660.67,33.16,4660.77,0.03,4660.57,35.90,4660.88,20.30,4660.56,32.50,4660.98,33.50,4660.54,33.06,4661.07,26.06,4660.52,20.98,4661.15,0.54,4660.48,33.58,4661.18,29.73,4660.45,0.06,4661.24,0.06,4660.38,35.46,4661.27,0.23,4660.27,28.26,4661.28,0.16,4660.25,0.20,4661.30,0.03,4660.13,32.03,4661.31,27.09,4660.02,20.47,4661.32,0.14,4659.92,26.43,4661.36,0.40,4659.80,34.71,4661.40,0.92,4659.66,20.03,4661.44,26.54
1757800449.861185,4660.70,28.00,4660.77,0.03,4660.67,33.16,4660.88,20.30,4660.57,35.90,4660.98,33.50,4660.56,32.50,4661.07,26.06,4660.54,33.06,4661.15,0.54,4660.52,20.98,4661.18,29.73,4660.48,33.58,4661.24,0.06,4660.45,0.06,4661.27,0.23,4660.38,35.46,4661.28,0.16,4660.27,28.26,4661.30,0.03,4660.25,0.20,4661.31,27.09,4660.13,32.03,4661.32,0.14,4660.02,20.47,4661.36,0.40,4659.92,26.43,4661.40,0.92,4659.80,34.71,4661.44,26.54
1757800450.0611317,4660.74,0.04,4660.77,0.03,4660.70,28.00,4660.88,20.30,4660.67,33.16,4660.98,33.50,4660.57,35.90,4661.07,26.06,4660.56,32.50,4661.15,0.54,4660.54,33.06,4661.18,29.73,4660.52,20.98,4661.24,0.06,4660.48,33.58,4661.27,0.23,4660.45,0.06,4661.28,0.16,4660.38,35.46,4661.30,0.03,4660.27,28.26,4661.31,27.09,4660.25,0.20,4661.32,0.14,4660.13,32.03,4661.36,0.40,4660.02,20.47,4661.40,0.92,4659.92,26.43,4661.44,26.54
1757800450.9608896,4660.76,5.00,4660.77,0.03,4660.74,0.04,4660.88,20.30,4660.70,28.00,4660.98,33.50,4660.67,33.16,4661.07,26.06,4660.57,35.90,4661.15,0.54,4660.56,32.50,4661.18,29.73,4660.54,33.06,4661.24,0.06,4660.52,20.98,4661.27,0.23,4660.48,33.58,4661.28,0.16,4660.45,0.06,4661.30,0.03,4660.38,35.46,4661.31,27.09,4660.27,28.26,4661.32,0.14,4660.25,0.20,4661.36,0.40,4660.13,32.03,4661.40,0.92,4660.02,20.47,4661.44,26.54
1757800452.0606353,4660.76,5.00,4660.77,0.03,4660.74,0.04,4660.78,28.53,4660.70,28.00,4660.87,29.07,4660.67,33.16,4660.98,36.04,4660.57,35.90,4661.08,21.92,4660.56,32.50,4661.15,0.54,4660.54,33.06,4661.17,33.76,4660.52,20.98,4661.24,0.06,4660.48,33.58,4661.27,0.23,4660.45,0.06,4661.28,0.16,4660.38,35.46,4661.29,24.46,4660.27,28.26,4661.30,0.03,4660.25,0.20,4661.32,0.14,4660.13,32.03,4661.36,0.40,4660.02,20.47,4661.40,0.92
1757800452.2737517,4660.76,5.00,4660.77,0.03,4660.74,0.04,4660.78,28.53,4660.70,27.40,4660.87,29.07,4660.60,32.27,4660.98,36.04,4660.48,35.87,4661.08,21.92,4660.45,0.06,4661.15,0.54,4660.37,21.28,4661.17,33.76,4660.27,24.17,4661.24,0.06,4660.25,0.20,4661.27,0.23,4660.14,21.00,4661.28,0.16,4660.01,28.66,4661.29,24.46,4659.91,31.51,4661.30,0.03,4659.81,30.90,4661.32,0.14,4659.70,23.39,4661.36,0.40,4659.60,26.06,4661.40,0.92
1757800452.4611418,4660.76,5.10,4660.77,0.03,4660.74,0.04,4660.78,28.53,4660.70,27.40,4660.87,29.07,4660.60,32.27,4660.98,36.04,4660.48,35.87,4661.08,21.92,4660.45,0.06,4661.15,0.54,4660.37,21.28,4661.17,33.76,4660.27,24.17,4661.24,0.06,4660.25,0.20,4661.27,0.23,4660.14,21.00,4661.28,0.16,4660.01,28.66,4661.29,24.46,4659.91,31.51,4661.30,0.03,4659.81,30.90,4661.32,0.14,4659.70,23.39,4661.36,0.40,4659.60,26.06,4661.40,0.92
1757800452.5642064,4660.76,35.54,4660.77,0.03,4660.74,0.04,4660.98,36.04,4660.70,27.40,4661.08,21.92,4660.60,32.27,4661.15,0.54,4660.48,35.87,4661.17,33.76,4660.45,0.06,4661.24,0.06,4660.37,21.28,4661.27,0.23,4660.27,24.17,4661.28,0.16,4660.25,0.20,4661.29,24.46,4660.14,21.00,4661.30,0.03,4660.01,28.66,4661.32,0.14,4659.91,31.51,4661.36,0.40,4659.81,30.90,4661.40,0.92,4659.70,23.39,4661.41,22.22,4659.60,26.06,4661.50,34.95
1757800452.6625974,4660.82,34.64,4660.98,36.04,4660.76,35.54,4661.08,21.92,4660.74,0.04,4661.15,0.54,4660.70,27.40,4661.17,33.76,4660.60,32.27,4661.24,0.06,4660.48,35.87,4661.27,0.23,4660.45,0.06,4661.28,0.16,4660.37,21.28,4661.29,24.46,4660.27,24.17,4661.30,0.03,4660.25,0.20,4661.32,0.14,4660.14,21.00,4661.36,0.40,4660.01,28.66,4661.40,0.92,4659.91,31.51,4661.41,22.22,4659.81,30.90,4661.50,34.95,4659.70,23.39,4661.54,0.40
1757800453.2679014,4660.82,34.64,4660.93,25.39,4660.76,35.54,4660.98,36.04,4660.74,0.04,4661.08,21.92,4660.70,27.40,4661.15,0.54,4660.60,32.27,4661.17,33.76,4660.48,35.87,4661.24,0.06,4660.45,0.06,4661.27,0.23,4660.37,21.28,4661.28,0.16,4660.27,24.17,4661.29,24.46,4660.25,0.20,4661.30,0.03,4660.14,21.00,4661.32,0.14,4660.01,28.66,4661.36,0.40,4659.91,31.51,4661.40,0.92,4659.81,30.90,4661.41,22.22,4659.70,23.39,4661.50,34.95
1757800453.361703,4660.85,31.90,4660.93,25.39,4660.82,34.64,4660.98,36.04,4660.76,35.54,4661.08,21.92,4660.74,0.04,4661.15,0.54,4660.70,27.40,4661.17,33.76,4660.60,32.27,4661.24,0.06,4660.48,35.87,4661.27,0.23,4660.45,0.06,4661.28,0.16,4660.37,21.28,4661.29,24.46,4660.27,24.17,4661.30,0.03,4660.25,0.20,4661.32,0.14,4660.14,21.00,4661.36,0.40,4660.01,28.66,4661.40,0.92,4659.91,31.51,4661.41,22.22,4659.81,30.90,4661.50,34.95
1757800454.7610505,4660.87,35.97,4660.98,36.04,4660.85,31.90,4661.08,21.92,4660.82,34.64,4661.15,0.54,4660.76,35.54,4661.17,33.76,4660.74,0.04,4661.24,0.06,4660.70,27.40,4661.27,0.23,4660.60,32.27,4661.28,0.16,4660.48,35.87,4661.29,24.46,4660.45,0.06,4661.30,0.03,4660.37,21.28,4661.32,0.14,4660.27,24.17,4661.36,0.40,4660.25,0.20,4661.40,0.92,4660.14,21.00,4661.41,22.22,4660.01,28.66,4661.50,34.95,4659.91,31.51,4661.54,0.40
1757800454.861744,4660.92,0.39,4660.97,24.85,4660.89,22.15,4660.98,36.04,4660.87,35.97,4661.08,21.92,4660.85,31.90,4661.15,0.54,4660.82,34.64,4661.17,33.76,4660.76,35.54,4661.24,0.06,4660.74,0.04,4661.27,0.23,4660.70,27.40,4661.28,0.16,4660.60,32.27,4661.29,24.46,4660.48,35.87,4661.30,0.03,4660.45,0.06,4661.32,0.14,4660.37,21.28,4661.36,0.40,4660.27,24.17,4661.40,0.92,4660.25,0.20,4661.41,22.22,4660.14,21.00,4661.50,34.95
1757800454.9630551,4661.05,19.73,4661.15,0.54,4660.95,26.58,4661.17,33.76,4660.92,0.39,4661.24,0.06,4660.89,22.15,4661.27,0.23,4660.87,35.97,4661.28,0.16,4660.85,31.90,4661.29,24.46,4660.82,34.64,4661.30,0.03,4660.76,35.54,4661.32,0.14,4660.74,0.04,4661.36,0.40,4660.70,27.40,4661.40,0.92,4660.60,32.27,4661.41,22.22,4660.48,35.87,4661.50,34.95,4660.45,0.06,4661.54,0.40,4660.37,21.28,4661.55,0.13,4660.27,24.17,4661.56,0.90
1757800455.066842,4661.05,19.73,4661.15,0.54,4660.95,26.58,4661.17,33.76,4660.92,0.41,4661.24,0.06,4660.89,22.15,4661.27,0.23,4660.87,35.97,4661.28,0.16,4660.85,31.90,4661.29,24.46,4660.82,34.64,4661.30,0.03,4660.76,35.54,4661.32,0.14,4660.74,0.04,4661.36,0.40,4660.70,27.40,4661.40,0.92,4660.60,32.27,4661.41,22.22,4660.48,35.87,4661.50,34.95,4660.45,0.06,4661.54,0.40,4660.37,21.28,4661.55,0.13,4660.27,24.17,4661.56,0.90
1757800456.266337,4661.14,0.23,4661.15,0.54,4661.05,19.73,4661.17,33.76,4660.95,26.58,4661.24,0.06,4660.92,0.41,4661.27,0.23,4660.89,22.15,4661.28,0.16,4660.87,35.97,4661.29,24.46,4660.85,31.90,4661.30,0.03,4660.82,34.64,4661.32,0.14,4660.76,35.54,4661.36,0.40,4660.74,0.04,4661.40,0.92,4660.70,27.40,4661.41,22.22,4660.60,32.27,4661.50,34.95,4660.48,35.87,4661.54,0.40,4660.45,0.06,4661.55,0.13,4660.37,21.28,4661.56,0.90
1757800456.7629569,4661.14,0.23,4661.15,0.54,4661.05,19.73,4661.17,33.76,4660.95,26.58,4661.24,0.06,4660.92,0.41,4661.27,0.23,4660.89,22.15,4661.28,0.16,4660.87,35.97,4661.29,24.46,4660.85,31.90,4661.30,0.03,4660.82,34.64,4661.32,0.14,4660.76,35.54,4661.36,0.40,4660.74,0.04,4661.40,0.92,4660.70,27.40,4661.41,22.22,4660.60,32.27,4661.50,34.95,4660.48,35.87,4661.54,0.40,4660.45,0.02,4661.55,0.13,4660.37,21.28,4661.56,0.90
1757800457.0611563,4661.05,19.73,4661.13,20.04,4660.95,26.58,4661.15,0.54,4660.92,0.41,4661.22,22.07,4660.89,22.15,4661.24,0.06,4660.87,35.97,4661.27,0.23,4660.85,31.90,4661.28,0.16,4660.82,34.64,4661.30,0.03,4660.76,35.54,4661.32,0.14,4660.74,0.04,4661.33,32.49,4660.70,27.40,4661.36,0.40,4660.60,32.27,4661.40,0.92,4660.48,35.87,4661.44,27.52,4660.45,0.02,4661.54,0.40,4660.37,21.28,4661.55,0.13,4660.27,24.17,4661.56,30.88
1757800457.1619148,4661.05,27.86,4661.13,20.04,4660.95,28.30,4661.15,0.54,4660.92,0.41,4661.22,22.07,4660.83,32.06,4661.24,0.06,4660.76,5.10,4661.27,0.23,4660.74,0.04,4661.28,0.16,4660.71,31.12,4661.30,0.03,4660.58,30.67,4661.32,0.14,4660.45,0.02,4661.33,32.49,4660.44,21.05,4661.36,0.40,4660.33,27.29,4661.40,0.92,4660.19,20.35,4661.44,27.52,4660.08,22.55,4661.54,0.40,4659.98,30.38,4661.55,0.13,4659.87,21.57,4661.56,30.88
1757800457.2687192,4661.05,27.86,4661.13,20.04,4660.95,28.30,4661.15,0.54,4660.92,0.41,4661.22,22.07,4660.83,32.06,4661.24,0.06,4660.76,5.10,4661.27,0.23,4660.74,0.04,4661.28,0.16,4660.71,31.12,4661.30,0.03,4660.58,30.67,4661.32,0.14,4660.44,21.05,4661.33,32.49,4660.33,27.29,4661.36,0.40,4660.19,20.35,4661.40,0.92,4660.08,22.55,4661.44,27.52,4659.98,30.38,4661.54,0.40,4659.87,21.57,4661.55,0.13,4659.76,26.55,4661.56,30.88
1757800457.5620983,4661.05,27.86,4661.13,19.37,4660.95,28.30,4661.15,0.54,4660.92,0.41,4661.22,22.07,4660.83,32.06,4661.24,0.06,4660.76,5.10,4661.27,0.23,4660.74,0.04,4661.28,0.16,4660.71,31.12,4661.30,0.03,4660.58,30.67,4661.32,0.14,4660.44,21.05,4661.33,32.49,4660.33,27.29,4661.36,0.40,4660.19,20.35,4661.40,0.92,4660.08,22.55,4661.44,27.52,4659.98,30.38,4661.54,0.40,4659.87,21.57,4661.55,0.13,4659.76,26.55,4661.56,30.88
1757800457.7612286,4661.05,27.86,4661.13,19.37,4660.95,28.30,4661.15,0.54,4660.92,0.41,4661.22,22.07,4660.83,32.06,4661.24,0.06,4660.76,5.10,4661.27,0.23,4660.74,0.04,4661.28,0.16,4660.71,31.12,4661.30,0.03,4660.58,30.67,4661.32,0.14,4660.44,21.05,4661.33,32.49,4660.33,27.29,4661.36,0.40,4660.19,20.35,4661.40,0.92,4660.08,22.55,4661.44,27.52,4659.98,30.38,4661.46,0.12,4659.87,21.57,4661.54,0.40,4659.76,26.55,4661.55,0.13
1757800458.2638023,4661.12,0.04,4661.13,19.37,4661.05,27.86,4661.15,0.54,4660.95,28.30,4661.22,22.07,4660.92,0.41,4661.24,0.06,4660.83,32.06,4661.27,0.23,4660.76,5.10,4661.28,0.16,4660.74,0.04,4661.30,0.03,4660.71,31.12,4661.32,0.14,4660.58,30.67,4661.33,32.49,4660.44,21.05,4661.36,0.40,4660.33,27.29,4661.40,0.92,4660.19,20.35,4661.44,27.52,4660.08,22.55,4661.46,0.12,4659.98,30.38,4661.54,0.40,4659.87,21.57,4661.55,0.13
1757800459.2668235,4661.12,0.06,4661.13,19.37,4661.05,27.86,4661.15,0.54,4660.95,28.30,4661.22,22.07,4660.92,0.41,4661.24,0.06,4660.83,32.06,4661.27,0.23,4660.76,5.10,4661.28,0.16,4660.74,0.04,4661.30,0.03,4660.71,31.12,4661.32,0.14,4660.58,30.67,4661.33,32.49,4660.44,21.05,4661.36,0.40,4660.33,27.29,4661.40,0.92,4660.19,20.35,4661.44,27.52,4660.08,22.55,4661.46,0.12,4659.98,30.38,4661.54,0.40,4659.87,21.57,4661.55,0.13
1757800459.362387,4661.12,0.06,4661.13,31.22,4661.05,27.86,4661.15,0.54,4660.95,28.30,4661.22,26.59,4660.92,0.41,4661.24,0.06,4660.83,32.06,4661.27,0.23,4660.76,5.10,4661.28,0.16,4660.74,0.04,4661.30,0.03,4660.71,31.12,4661.32,0.14,4660.58,30.67,4661.35,33.28,4660.44,21.05,4661.36,0.40,4660.33,27.29,4661.40,0.92,4660.19,20.35,4661.44,20.00,4660.08,22.55,4661.46,0.12,4659.98,30.38,4661.54,0.40,4659.87,21.57,4661.55,0.13
1757800459.4681683,4661.12,0.06,4661.13,31.22,4661.05,22.76,4661.15,0.54,4660.95,26.09,4661.22,26.59,4660.92,0.41,4661.24,0.06,4660.81,34.61,4661.27,0.23,4660.76,5.10,4661.28,0.16,4660.74,0.04,4661.30,0.03,4660.71,23.63,4661.32,0.14,4660.57,31.13,4661.35,33.28,4660.45,33.64,4661.36,0.40,4660.32,22.50,4661.40,0.92,4660.19,25.42,4661.44,20.00,4660.05,22.86,4661.46,0.12,4659.94,29.64,4661.54,0.40,4659.81,32.02,4661.55,0.13
1757800461.0628908,4661.12,0.06,4661.13,31.22,4661.05,22.76,4661.15,0.54,4660.95,26.09,4661.22,26.59,4660.92,0.41,4661.24,0.06,4660.81,34.61,4661.27,0.23,4660.76,5.10,4661.28,0.16,4660.71,23.63,4661.30,0.03,4660.57,31.13,4661.32,0.14,4660.45,33.64,4661.35,33.28,4660.32,22.50,4661.36,0.40,4660.19,25.42,4661.40,0.92,4660.05,22.86,4661.44,20.00,4659.94,29.64,4661.46,0.12,4659.81,32.02,4661.54,0.40,4659.71,36.00,4661.55,0.13
1757800461.571749,4661.12,0.06,4661.13,31.75,4661.05,22.76,4661.15,0.54,4660.95,26.09,4661.22,26.54,4660.92,0.41,4661.24,0.06,4660.81,34.61,4661.27,0.23,4660.76,5.10,4661.28,0.16,4660.71,23.63,4661.30,0.03,4660.57,31.13,4661.32,24.92,4660.45,33.64,4661.36,0.40,4660.32,22.50,4661.40,0.92,4660.19,25.42,4661.41,27.25,4660.05,22.86,4661.46,0.12,4659.94,29.64,4661.53,20.35,4659.81,32.02,4661.54,0.40,4659.71,36.00,4661.55,0.13
1757800461.7643936,4661.12,0.06,4661.13,31.75,4661.05,29.24,4661.15,0.54,4660.95,33.57,4661.22,26.54,4660.92,0.41,4661.24,0.06,4660.84,21.39,4661.27,0.23,4660.76,5.10,4661.28,0.16,4660.74,27.57,4661.30,0.03,4660.61,33.06,4661.32,24.92,4660.49,28.48,4661.36,0.40,4660.39,24.89,4661.40,0.92,4660.25,33.53,4661.41,27.25,4660.15,27.99,4661.46,0.12,4660.05,25.83,4661.53,20.35,4659.95,35.16,4661.54,0.40,4659.84,25.51,4661.55,0.13
1757800462.060107,4661.51,32.12,4661.54,0.40,4661.41,28.35,4661.55,0.13,4661.29,20.64,4661.56,0.90,4661.16,32.16,4661.60,23.37,4661.12,0.06,4661.64,21.01,4661.05,29.24,4661.72,0.13,4660.95,33.57,4661.73,24.81,4660.92,0.41,4661.74,0.94,4660.84,21.39,4661.75,0.39,4660.76,5.10,4661.84,0.40,4660.74,27.57,4661.86,30.21,4660.61,33.06,4661.95,27.38,4660.49,28.48,4662.00,0.04,4660.39,24.89,4662.02,0.10,4660.25,33.53,4662.04,21.10
1757800462.1609707,4661.52,35.93,4661.54,0.40,4661.51,32.12,4661.55,0.13,4661.41,28.35,4661.56,0.90,4661.29,20.64,4661.60,23.37,4661.16,32.16,4661.64,21.01,4661.12,0.06,4661.72,0.13,4661.05,29.24,4661.73,24.81,4660.95,33.57,4661.74,0.94,4660.92,0.41,4661.75,0.39,4660.84,21.39,4661.84,0.40,4660.76,0.10,4661.86,30.21,4660.74,27.57,4661.95,27.38,4660.61,33.06,4662.00,0.04,4660.49,28.48,4662.02,0.10,4660.39,24.89,4662.04,21.10
1757800462.8682954,4661.53,0.16,4661.54,0.40,4661.52,35.93,4661.55,0.13,4661.51,32.12,4661.56,0.90,4661.41,28.35,4661.60,23.37,4661.29,20.64,4661.64,21.01,4661.16,32.16,4661.72,0.13,4661.12,0.06,4661.73,24.81,4661.05,29.24,4661.74,0.94,4660.95,33.57,4661.75,0.39,4660.92,0.41,4661.84,0.40,4660.84,21.39,4661.86,30.21,4660.76,0.10,4661.95,27.38,4660.74,27.57,4662.00,0.04,4660.61,33.06,4662.02,0.10,4660.49,28.48,4662.04,21.10
1757800463.4618988,4661.53,5.16,4661.54,0.40,4661.52,35.93,4661.55,0.13,4661.51,32.12,4661.56,0.90,4661.41,28.35,4661.60,23.37,4661.29,20.64,4661.64,21.01,4661.16,32.16,4661.72,0.13,4661.12,0.06,4661.73,24.81,4661.05,29.24,4661.74,0.94,4660.95,33.57,4661.75,0.39,4660.92,0.41,4661.84,0.40,4660.84,21.39,4661.86,30.21,4660.76,0.10,4661.95,27.38,4660.74,27.57,4662.00,0.04,4660.61,33.06,4662.02,0.10,4660.49,28.48,4662.04,21.10
1757800463.7682211,4661.53,5.56,4661.54,0.40,4661.52,35.93,4661.55,0.13,4661.51,32.12,4661.56,0.90,4661.41,28.35,4661.60,23.37,4661.29,20.64,4661.64,21.01,4661.16,32.16,4661.72,0.13,4661.12,0.06,4661.73,24.81,4661.05,29.24,4661.74,0.94,4660.95,33.57,4661.75,0.39,4660.92,0.41,4661.84,0.40,4660.84,21.39,4661.86,30.21,4660.76,0.10,4661.95,27.38,4660.74,27.57,4662.00,0.04,4660.61,33.06,4662.02,0.10,4660.49,28.48,4662.04,21.10
