timestamp,contract_id,price,size,side,exchange_timestamp
1757800369.2692592,10000001,115800.1,0,last,
1757800369.2692592,10000001,115798.8,0,bid,
1757800369.2692592,10000001,115801.2,0,ask,
1757800369.2702596,10000001,115800.1,0,last,
1757800369.2702596,10000001,115798.8,0,bid,
1757800369.2702596,10000001,115801.2,0,ask,
1757800369.2702596,10000001,115800.1,0,last,
1757800369.2702596,10000001,115798.8,0,bid,
1757800369.2702596,10000001,115801.2,0,ask,
1757800369.6950393,10000001,115800.1,0,last,
1757800369.6950393,10000001,115798.8,0,bid,
1757800369.6950393,10000001,115801.2,0,ask,
1757800370.4265053,10000001,115800.1,0,last,
1757800370.4265053,10000001,115798.8,0,bid,
1757800370.4265053,10000001,115801.2,0,ask,
1757800371.4639897,10000001,115800.1,0,last,
1757800371.4639897,10000001,115798.8,0,bid,
1757800371.4639897,10000001,115801.2,0,ask,
1757800371.5538402,10000001,115800.1,0,last,
1757800371.5538402,10000001,115798.8,0,bid,
1757800371.5538402,10000001,115801.2,0,ask,
1757800371.5616093,10000001,115800.1,0,last,
1757800371.5616093,10000001,115798.8,0,bid,
1757800371.5616093,10000001,115801.2,0,ask,
1757800373.5046625,10000001,115800.1,0,last,
1757800373.5046625,10000001,115798.8,0,bid,
1757800373.5046625,10000001,115801.2,0,ask,
1757800373.5086834,10000001,115800.1,0,last,
1757800373.5086834,10000001,115798.8,0,bid,
1757800373.5086834,10000001,115801.2,0,ask,
1757800374.6974168,10000001,115800.1,0,last,
1757800374.6974168,10000001,115798.8,0,bid,
1757800374.6974168,10000001,115801.2,0,ask,
1757800375.4225535,10000001,115800.1,0,last,
1757800375.4225535,10000001,115798.8,0,bid,
1757800375.4225535,10000001,115801.2,0,ask,
1757800375.835676,10000001,115800.5,0,last,
1757800375.835676,10000001,115798.8,0,bid,
1757800375.835676,10000001,115801.2,0,ask,
1757800376.4206674,10000001,115800.5,0,last,
1757800376.4206674,10000001,115798.8,0,bid,
1757800376.4206674,10000001,115801.2,0,ask,
1757800376.4523456,10000001,115800.5,0,last,
1757800376.4523456,10000001,115798.8,0,bid,
1757800376.4523456,10000001,115801.2,0,ask,
1757800376.4896896,10000001,115800.5,0,last,
1757800376.4896896,10000001,115798.8,0,bid,
1757800376.4896896,10000001,115801.2,0,ask,
1757800378.5088878,10000001,115800.5,0,last,
1757800378.5088878,10000001,115798.8,0,bid,
1757800378.5088878,10000001,115801.2,0,ask,
1757800378.514571,10000001,115800.5,0,last,
1757800378.514571,10000001,115798.8,0,bid,
1757800378.514571,10000001,115801.2,0,ask,
1757800379.7376194,10000001,115800.5,0,last,
1757800379.7376194,10000001,115798.8,0,bid,
1757800379.7376194,10000001,115801.2,0,ask,
1757800380.175916,10000001,115800.5,0,last,
1757800380.175916,10000001,115798.8,0,bid,
1757800380.175916,10000001,115801.2,0,ask,
1757800380.4221208,10000001,115800.5,0,last,
1757800380.4221208,10000001,115798.8,0,bid,
1757800380.4221208,10000001,115801.2,0,ask,
1757800381.42342,10000001,115800.5,0,last,
1757800381.42342,10000001,115798.8,0,bid,
1757800381.42342,10000001,115801.2,0,ask,
1757800381.4511225,10000001,115800.5,0,last,
1757800381.4511225,10000001,115798.8,0,bid,
1757800381.4511225,10000001,115801.2,0,ask,
1757800381.5062132,10000001,115800.5,0,last,
1757800381.5062132,10000001,115798.8,0,bid,
1757800381.5062132,10000001,115801.2,0,ask,
1757800381.6937652,10000001,115800.5,0,last,
1757800381.6937652,10000001,115798.8,0,bid,
1757800381.6937652,10000001,115801.2,0,ask,
1757800382.4661963,10000001,115800.5,0,last,
1757800382.4661963,10000001,115798.8,0,bid,
1757800382.4661963,10000001,115801.2,0,ask,
1757800384.6745303,10000001,115800.5,0,last,
1757800384.6745303,10000001,115798.8,0,bid,
1757800384.6745303,10000001,115801.2,0,ask,
1757800384.6802063,10000001,115800.5,0,last,
1757800384.6802063,10000001,115798.8,0,bid,
1757800384.6802063,10000001,115801.2,0,ask,
1757800385.421678,10000001,115800.5,0,last,
1757800385.421678,10000001,115798.8,0,bid,
1757800385.421678,10000001,115801.2,0,ask,
1757800386.4765506,10000001,115800.5,0,last,
1757800386.4765506,10000001,115798.8,0,bid,
1757800386.4765506,10000001,115801.2,0,ask,
1757800386.4874368,10000001,115800.5,0,last,
1757800386.4874368,10000001,115798.8,0,bid,
1757800386.4874368,10000001,115801.2,0,ask,
1757800386.533156,10000001,115800.5,0,last,
1757800386.533156,10000001,115798.8,0,bid,
1757800386.533156,10000001,115801.2,0,ask,
1757800386.7355232,10000001,115799.7,0,last,
1757800386.7355232,10000001,115798.8,0,bid,
1757800386.7355232,10000001,115801.2,0,ask,
1757800387.467543,10000001,115799.7,0,last,
1757800387.467543,10000001,115798.8,0,bid,
1757800387.467543,10000001,115801.2,0,ask,
1757800389.3468482,10000001,115799.7,0,last,
1757800389.3468482,10000001,115798.8,0,bid,
1757800389.3468482,10000001,115801.2,0,ask,
1757800389.420983,10000001,115799.7,0,last,
1757800389.420983,10000001,115798.8,0,bid,
1757800389.420983,10000001,115801.2,0,ask,
1757800390.6022215,10000001,115799.7,0,last,
1757800390.6022215,10000001,115798.8,0,bid,
1757800390.6022215,10000001,115801.2,0,ask,
1757800390.7021892,10000001,115800.0,0,last,
1757800390.7021892,10000001,115798.8,0,bid,
1757800390.7021892,10000001,115801.2,0,ask,
1757800391.4195187,10000001,115800.0,0,last,
1757800391.4195187,10000001,115798.8,0,bid,
1757800391.4195187,10000001,115801.2,0,ask,
1757800391.4506876,10000001,115800.0,0,last,
1757800391.4506876,10000001,115798.8,0,bid,
1757800391.4506876,10000001,115801.2,0,ask,
1757800391.4891038,10000001,115800.0,0,last,
1757800391.4891038,10000001,115798.8,0,bid,
1757800391.4891038,10000001,115801.2,0,ask,
1757800392.4635024,10000001,115800.0,0,last,
1757800392.4635024,10000001,115798.8,0,bid,
1757800392.4635024,10000001,115801.2,0,ask,
1757800394.3554683,10000001,115800.0,0,last,
1757800394.3554683,10000001,115798.8,0,bid,
1757800394.3554683,10000001,115801.2,0,ask,
1757800394.421828,10000001,115800.0,0,last,
1757800394.421828,10000001,115798.8,0,bid,
1757800394.421828,10000001,115801.2,0,ask,
1757800395.4222853,10000001,115800.8,0,last,
1757800395.4222853,10000001,115798.8,0,bid,
1757800395.4222853,10000001,115801.2,0,ask,
1757800395.7538366,10000001,115800.8,0,last,
1757800395.7538366,10000001,115798.8,0,bid,
1757800395.7538366,10000001,115801.2,0,ask,
1757800396.4195824,10000001,115800.8,0,last,
1757800396.4195824,10000001,115798.8,0,bid,
1757800396.4195824,10000001,115801.2,0,ask,
1757800396.4651737,10000001,115800.8,0,last,
1757800396.4651737,10000001,115798.8,0,bid,
1757800396.4651737,10000001,115801.2,0,ask,
1757800396.4809797,10000001,115800.8,0,last,
1757800396.4809797,10000001,115798.8,0,bid,
1757800396.4809797,10000001,115801.2,0,ask,
1757800397.4695568,10000001,115800.8,0,last,
1757800397.4695568,10000001,115798.8,0,bid,
1757800397.4695568,10000001,115801.2,0,ask,
1757800399.3850005,10000001,115800.8,0,last,
1757800399.3850005,10000001,115798.8,0,bid,
1757800399.3850005,10000001,115801.2,0,ask,
1757800399.4186606,10000001,115800.8,0,last,
1757800399.4186606,10000001,115798.8,0,bid,
1757800399.4186606,10000001,115801.2,0,ask,
1757800399.7013133,10000001,115799.6,0,last,
1757800399.7013133,10000001,115798.8,0,bid,
1757800399.7013133,10000001,115801.2,0,ask,
1757800400.6112041,10000001,115799.6,0,last,
1757800400.6112041,10000001,115798.8,0,bid,
1757800400.6112041,10000001,115801.2,0,ask,
1757800401.4230585,10000001,115799.6,0,last,
1757800401.4230585,10000001,115798.8,0,bid,
1757800401.4230585,10000001,115801.2,0,ask,
1757800401.4504397,10000001,115799.6,0,last,
1757800401.4504397,10000001,115798.8,0,bid,
1757800401.4504397,10000001,115801.2,0,ask,
1757800401.4935293,10000001,115799.6,0,last,
1757800401.4935293,10000001,115798.8,0,bid,
1757800401.4935293,10000001,115801.2,0,ask,
1757800402.4601011,10000001,115799.6,0,last,
1757800402.4601011,10000001,115798.8,0,bid,
1757800402.4601011,10000001,115801.2,0,ask,
1757800404.5625007,10000001,115799.6,0,last,
1757800404.5625007,10000001,115798.8,0,bid,
1757800404.5625007,10000001,115801.2,0,ask,
1757800404.5715709,10000001,115799.6,0,last,
1757800404.5715709,10000001,115798.8,0,bid,
1757800404.5715709,10000001,115801.2,0,ask,
1757800404.693364,10000001,115799.5,0,last,
1757800404.693364,10000001,115798.8,0,bid,
1757800404.693364,10000001,115801.2,0,ask,
1757800405.4205422,10000001,115799.5,0,last,
1757800405.4205422,10000001,115798.8,0,bid,
1757800405.4205422,10000001,115801.2,0,ask,
1757800406.5105174,10000001,115799.5,0,last,
1757800406.5105174,10000001,115798.8,0,bid,
1757800406.5105174,10000001,115801.2,0,ask,
1757800406.521078,10000001,115799.5,0,last,
1757800406.521078,10000001,115798.8,0,bid,
1757800406.521078,10000001,115801.2,0,ask,
1757800406.564308,10000001,115799.5,0,last,
1757800406.564308,10000001,115798.8,0,bid,
1757800406.564308,10000001,115801.2,0,ask,
1757800407.4572666,10000001,115799.5,0,last,
1757800407.4572666,10000001,115798.8,0,bid,
1757800407.4572666,10000001,115801.2,0,ask,
1757800408.7106175,10000001,115799.8,0,last,
1757800408.7106175,10000001,115798.8,0,bid,
1757800408.7106175,10000001,115801.2,0,ask,
1757800408.7774692,10000001,115800.1,0,last,
1757800408.7774692,10000001,115798.8,0,bid,
1757800408.7774692,10000001,115801.2,0,ask,
1757800408.7774692,10000001,115800.8,0,last,
1757800408.7774692,10000001,115798.8,0,bid,
1757800408.7774692,10000001,115801.2,0,ask,
1757800409.3572965,10000001,115800.8,0,last,
1757800409.3572965,10000001,115798.8,0,bid,
1757800409.3572965,10000001,115801.2,0,ask,
1757800409.4301023,10000001,115800.8,0,last,
1757800409.4301023,10000001,115798.8,0,bid,
1757800409.4301023,10000001,115801.2,0,ask,
1757800410.5804868,10000001,115800.8,0,last,
1757800410.5804868,10000001,115798.8,0,bid,
1757800410.5804868,10000001,115801.2,0,ask,
1757800411.420604,10000001,115800.8,0,last,
1757800411.420604,10000001,115798.8,0,bid,
1757800411.420604,10000001,115801.2,0,ask,
1757800411.4517207,10000001,115800.8,0,last,
1757800411.4517207,10000001,115798.8,0,bid,
1757800411.4517207,10000001,115801.2,0,ask,
1757800411.4837847,10000001,115800.8,0,last,
1757800411.4837847,10000001,115798.8,0,bid,
1757800411.4837847,10000001,115801.2,0,ask,
1757800412.4570146,10000001,115800.8,0,last,
1757800412.4570146,10000001,115798.8,0,bid,
1757800412.4570146,10000001,115801.2,0,ask,
1757800414.3555813,10000001,115800.8,0,last,
1757800414.3555813,10000001,115798.8,0,bid,
1757800414.3555813,10000001,115801.2,0,ask,
1757800414.961261,10000001,115800.8,0,last,
1757800414.961261,10000001,115798.8,0,bid,
1757800414.961261,10000001,115801.2,0,ask,
1757800415.6032927,10000001,115800.8,0,last,
1757800415.6032927,10000001,115798.8,0,bid,
1757800415.6032927,10000001,115801.2,0,ask,
1757800416.4213486,10000001,115800.8,0,last,
1757800416.4213486,10000001,115798.8,0,bid,
1757800416.4213486,10000001,115801.2,0,ask,
1757800416.448189,10000001,115800.8,0,last,
1757800416.448189,10000001,115798.8,0,bid,
1757800416.448189,10000001,115801.2,0,ask,
1757800416.486078,10000001,115800.8,0,last,
1757800416.486078,10000001,115798.8,0,bid,
1757800416.486078,10000001,115801.2,0,ask,
1757800416.6929803,10000001,115799.9,0,last,
1757800416.6929803,10000001,115798.8,0,bid,
1757800416.6929803,10000001,115801.2,0,ask,
1757800417.4566166,10000001,115799.9,0,last,
1757800417.4566166,10000001,115798.8,0,bid,
1757800417.4566166,10000001,115801.2,0,ask,
1757800419.693282,10000001,115799.9,0,last,
1757800419.693282,10000001,115798.8,0,bid,
1757800419.693282,10000001,115801.2,0,ask,
1757800419.694342,10000001,115799.9,0,last,
1757800419.694342,10000001,115798.8,0,bid,
1757800419.694342,10000001,115801.2,0,ask,
1757800420.7938092,10000001,115799.9,0,last,
1757800420.7938092,10000001,115798.8,0,bid,
1757800420.7938092,10000001,115801.2,0,ask,
1757800421.421767,10000001,115799.9,0,last,
1757800421.421767,10000001,115798.8,0,bid,
1757800421.421767,10000001,115801.2,0,ask,
1757800421.4488761,10000001,115799.9,0,last,
1757800421.4488761,10000001,115798.8,0,bid,
1757800421.4488761,10000001,115801.2,0,ask,
1757800421.4900305,10000001,115799.9,0,last,
1757800421.4900305,10000001,115798.8,0,bid,
1757800421.4900305,10000001,115801.2,0,ask,
1757800422.420797,10000001,115799.9,0,last,
1757800422.420797,10000001,115798.8,0,bid,
1757800422.420797,10000001,115801.2,0,ask,
1757800424.4649498,10000001,115799.9,0,last,
1757800424.4649498,10000001,115798.8,0,bid,
1757800424.4649498,10000001,115801.2,0,ask,
1757800424.46595,10000001,115799.9,0,last,
1757800424.46595,10000001,115798.8,0,bid,
1757800424.46595,10000001,115801.2,0,ask,
1757800424.718625,10000001,115799.7,0,last,
1757800424.718625,10000001,115798.8,0,bid,
1757800424.718625,10000001,115801.2,0,ask,
1757800425.4294093,10000001,115799.7,0,last,
1757800425.4294093,10000001,115798.8,0,bid,
1757800425.4294093,10000001,115801.2,0,ask,
1757800426.5615983,10000001,115799.7,0,last,
1757800426.5615983,10000001,115798.8,0,bid,
1757800426.5615983,10000001,115801.2,0,ask,
1757800426.5731537,10000001,115799.7,0,last,
1757800426.5731537,10000001,115798.8,0,bid,
1757800426.5731537,10000001,115801.2,0,ask,
1757800426.632768,10000001,115799.7,0,last,
1757800426.632768,10000001,115798.8,0,bid,
1757800426.632768,10000001,115801.2,0,ask,
1757800427.4213264,10000001,115799.7,0,last,
1757800427.4213264,10000001,115798.8,0,bid,
1757800427.4213264,10000001,115801.2,0,ask,
1757800428.4551916,10000001,115799.7,0,last,
1757800428.4551916,10000001,115798.8,0,bid,
1757800428.4551916,10000001,115801.2,0,ask,
1757800429.715151,10000001,115799.8,0,last,
1757800429.715151,10000001,115798.8,0,bid,
1757800429.715151,10000001,115801.2,0,ask,
1757800430.4381196,10000001,115799.8,0,last,
1757800430.4381196,10000001,115798.8,0,bid,
1757800430.4381196,10000001,115801.2,0,ask,
1757800430.447518,10000001,115799.8,0,last,
1757800430.447518,10000001,115798.8,0,bid,
1757800430.447518,10000001,115801.2,0,ask,
1757800431.6745405,10000001,115799.8,0,last,
1757800431.6745405,10000001,115798.8,0,bid,
1757800431.6745405,10000001,115801.2,0,ask,
1757800431.6837938,10000001,115799.8,0,last,
1757800431.6837938,10000001,115798.8,0,bid,
1757800431.6837938,10000001,115801.2,0,ask,
1757800431.7287076,10000001,115799.8,0,last,
1757800431.7287076,10000001,115798.8,0,bid,
1757800431.7287076,10000001,115801.2,0,ask,
1757800432.4193332,10000001,115799.8,0,last,
1757800432.4193332,10000001,115798.8,0,bid,
1757800432.4193332,10000001,115801.2,0,ask,
1757800433.4195025,10000001,115799.8,0,last,
1757800433.4195025,10000001,115798.8,0,bid,
1757800433.4195025,10000001,115801.2,0,ask,
1757800434.0522432,10000001,115798.9,0,last,
1757800434.0522432,10000001,115798.8,0,bid,
1757800434.0522432,10000001,115801.2,0,ask,
1757800434.0522432,10000001,115798.4,0,last,
1757800434.0522432,10000001,115798.8,0,bid,
1757800434.0522432,10000001,115801.2,0,ask,
1757800435.564256,10000001,115798.4,0,last,
1757800435.564256,10000001,115798.8,0,bid,
1757800435.564256,10000001,115801.2,0,ask,
1757800435.5699914,10000001,115798.4,0,last,
1757800435.5699914,10000001,115798.8,0,bid,
1757800435.5699914,10000001,115801.2,0,ask,
1757800436.424419,10000001,115798.4,0,last,
1757800436.424419,10000001,115798.8,0,bid,
1757800436.424419,10000001,115801.2,0,ask,
1757800436.450229,10000001,115798.4,0,last,
1757800436.450229,10000001,115798.8,0,bid,
1757800436.450229,10000001,115801.2,0,ask,
1757800436.495374,10000001,115798.4,0,last,
1757800436.495374,10000001,115798.8,0,bid,
1757800436.495374,10000001,115801.2,0,ask,
1757800437.5816867,10000001,115798.4,0,last,
1757800437.5816867,10000001,115798.8,0,bid,
1757800437.5816867,10000001,115801.2,0,ask,
1757800438.4431598,10000001,115798.4,0,last,
1757800438.4431598,10000001,115798.8,0,bid,
1757800438.4431598,10000001,115801.2,0,ask,
1757800439.6635149,10000001,115798.4,0,last,
1757800439.6635149,10000001,115798.8,0,bid,
1757800439.6635149,10000001,115801.2,0,ask,
1757800440.1751645,10000001,115798.4,0,last,
1757800440.1751645,10000001,115798.8,0,bid,
1757800440.1751645,10000001,115801.2,0,ask,
1757800441.1633034,10000001,115798.4,0,last,
1757800441.1633034,10000001,115798.8,0,bid,
1757800441.1633034,10000001,115801.2,0,ask,
1757800441.792167,10000001,115798.4,0,last,
1757800441.792167,10000001,115798.8,0,bid,
1757800441.792167,10000001,115801.2,0,ask,
1757800441.8026156,10000001,115798.4,0,last,
1757800441.8026156,10000001,115798.8,0,bid,
1757800441.8026156,10000001,115801.2,0,ask,
1757800441.8395362,10000001,115798.4,0,last,
1757800441.8395362,10000001,115798.8,0,bid,
1757800441.8395362,10000001,115801.2,0,ask,
1757800442.4214542,10000001,115798.4,0,last,
1757800442.4214542,10000001,115798.8,0,bid,
1757800442.4214542,10000001,115801.2,0,ask,
1757800442.6951706,10000001,115799.1,0,last,
1757800442.6951706,10000001,115798.8,0,bid,
1757800442.6951706,10000001,115801.2,0,ask,
1757800443.4194875,10000001,115799.1,0,last,
1757800443.4194875,10000001,115798.8,0,bid,
1757800443.4194875,10000001,115801.2,0,ask,
1757800445.641021,10000001,115799.1,0,last,
1757800445.641021,10000001,115798.8,0,bid,
1757800445.641021,10000001,115801.2,0,ask,
1757800445.6440213,10000001,115799.1,0,last,
1757800445.6440213,10000001,115798.8,0,bid,
1757800445.6440213,10000001,115801.2,0,ask,
1757800446.8683407,10000001,115799.1,0,last,
1757800446.8683407,10000001,115798.8,0,bid,
1757800446.8683407,10000001,115801.2,0,ask,
1757800446.8780468,10000001,115799.1,0,last,
1757800446.8780468,10000001,115798.8,0,bid,
1757800446.8780468,10000001,115801.2,0,ask,
1757800446.9190028,10000001,115799.1,0,last,
1757800446.9190028,10000001,115798.8,0,bid,
1757800446.9190028,10000001,115801.2,0,ask,
1757800447.4683251,10000001,115799.1,0,last,
1757800447.4683251,10000001,115798.8,0,bid,
1757800447.4683251,10000001,115801.2,0,ask,
1757800448.4249783,10000001,115799.1,0,last,
1757800448.4249783,10000001,115798.8,0,bid,
1757800448.4249783,10000001,115801.2,0,ask,
1757800448.697796,10000001,115799.2,0,last,
1757800448.697796,10000001,115798.8,0,bid,
1757800448.697796,10000001,115801.2,0,ask,
1757800449.4632142,10000001,115799.2,0,last,
1757800449.4632142,10000001,115798.8,0,bid,
1757800449.4632142,10000001,115801.2,0,ask,
1757800450.6027925,10000001,115800.8,0,last,
1757800450.6027925,10000001,115798.8,0,bid,
1757800450.6027925,10000001,115801.2,0,ask,
1757800450.6027925,10000001,115802.5,0,last,
1757800450.6027925,10000001,115798.8,0,bid,
1757800450.6027925,10000001,115801.2,0,ask,
1757800451.5094423,10000001,115802.5,0,last,
1757800451.5094423,10000001,115798.8,0,bid,
1757800451.5094423,10000001,115801.2,0,ask,
1757800451.5144908,10000001,115802.5,0,last,
1757800451.5144908,10000001,115798.8,0,bid,
1757800451.5144908,10000001,115801.2,0,ask,
1757800451.5288448,10000001,115802.5,0,last,
1757800451.5288448,10000001,115798.8,0,bid,
1757800451.5288448,10000001,115801.2,0,ask,
1757800451.5617168,10000001,115802.5,0,last,
1757800451.5617168,10000001,115798.8,0,bid,
1757800451.5617168,10000001,115801.2,0,ask,
1757800452.680437,10000001,115802.5,0,last,
1757800452.680437,10000001,115798.8,0,bid,
1757800452.680437,10000001,115801.2,0,ask,
1757800453.426559,10000001,115802.5,0,last,
1757800453.426559,10000001,115798.8,0,bid,
1757800453.426559,10000001,115801.2,0,ask,
1757800454.4245677,10000001,115802.5,0,last,
1757800454.4245677,10000001,115798.8,0,bid,
1757800454.4245677,10000001,115801.2,0,ask,
1757800456.4813273,10000001,115802.5,0,last,
1757800456.4813273,10000001,115798.8,0,bid,
1757800456.4813273,10000001,115801.2,0,ask,
1757800456.4873292,10000001,115802.5,0,last,
1757800456.4873292,10000001,115798.8,0,bid,
1757800456.4873292,10000001,115801.2,0,ask,
1757800456.4985313,10000001,115802.5,0,last,
1757800456.4985313,10000001,115798.8,0,bid,
1757800456.4985313,10000001,115801.2,0,ask,
1757800456.556229,10000001,115802.5,0,last,
1757800456.556229,10000001,115798.8,0,bid,
1757800456.556229,10000001,115801.2,0,ask,
1757800456.7028728,10000001,115799.6,0,last,
1757800456.7028728,10000001,115798.8,0,bid,
1757800456.7028728,10000001,115801.2,0,ask,
1757800457.8173604,10000001,115799.6,0,last,
1757800457.8173604,10000001,115798.8,0,bid,
1757800457.8173604,10000001,115801.2,0,ask,
1757800458.419189,10000001,115799.6,0,last,
1757800458.419189,10000001,115798.8,0,bid,
1757800458.419189,10000001,115801.2,0,ask,
1757800459.4189806,10000001,115799.6,0,last,
1757800459.4189806,10000001,115798.8,0,bid,
1757800459.4189806,10000001,115801.2,0,ask,
1757800461.5001104,10000001,115799.6,0,last,
1757800461.5001104,10000001,115798.8,0,bid,
1757800461.5001104,10000001,115801.2,0,ask,
1757800461.5130835,10000001,115799.6,0,last,
1757800461.5130835,10000001,115798.8,0,bid,
1757800461.5130835,10000001,115801.2,0,ask,
1757800461.5156767,10000001,115799.6,0,last,
1757800461.5156767,10000001,115798.8,0,bid,
1757800461.5156767,10000001,115801.2,0,ask,
1757800461.5712247,10000001,115799.6,0,last,
1757800461.5712247,10000001,115798.8,0,bid,
1757800461.5712247,10000001,115801.2,0,ask,
1757800462.7077487,10000001,115799.6,0,last,
1757800462.7077487,10000001,115798.8,0,bid,
1757800462.7077487,10000001,115801.2,0,ask,
1757800463.440054,10000001,115799.6,0,last,
1757800463.440054,10000001,115798.8,0,bid,
1757800463.440054,10000001,115801.2,0,ask,
1757800464.4207654,10000001,115799.6,0,last,
1757800464.4207654,10000001,115798.8,0,bid,
1757800464.4207654,10000001,115801.2,0,ask,
1757800464.7208686,10000001,115800.1,0,last,
1757800464.7208686,10000001,115798.8,0,bid,
1757800464.7208686,10000001,115801.2,0,ask,
1757800465.4570558,10000001,115800.1,0,last,
1757800465.4570558,10000001,115798.8,0,bid,
1757800465.4570558,10000001,115801.2,0,ask,
1757800467.3567104,10000001,115800.1,0,last,
1757800467.3567104,10000001,115798.8,0,bid,
1757800467.3567104,10000001,115801.2,0,ask,
1757800467.36951,10000001,115800.1,0,last,
1757800467.36951,10000001,115798.8,0,bid,
1757800467.36951,10000001,115801.2,0,ask,
1757800467.410083,10000001,115800.1,0,last,
1757800467.410083,10000001,115798.8,0,bid,
1757800467.410083,10000001,115801.2,0,ask,
1757800467.4201267,10000001,115800.1,0,last,
1757800467.4201267,10000001,115798.8,0,bid,
1757800467.4201267,10000001,115801.2,0,ask,
1757800468.6027126,10000001,115800.1,0,last,
1757800468.6027126,10000001,115798.8,0,bid,
1757800468.6027126,10000001,115801.2,0,ask,
1757800469.4212167,10000001,115800.1,0,last,
1757800469.4212167,10000001,115798.8,0,bid,
1757800469.4212167,10000001,115801.2,0,ask,
1757800470.4588988,10000001,115800.1,0,last,
1757800470.4588988,10000001,115798.8,0,bid,
1757800470.4588988,10000001,115801.2,0,ask,
1757800470.6951845,10000001,115800.3,0,last,
1757800470.6951845,10000001,115798.8,0,bid,
1757800470.6951845,10000001,115801.2,0,ask,
1757800472.3361795,10000001,115800.3,0,last,
1757800472.3361795,10000001,115798.8,0,bid,
1757800472.3361795,10000001,115801.2,0,ask,
1757800472.3525412,10000001,115800.3,0,last,
1757800472.3525412,10000001,115798.8,0,bid,
1757800472.3525412,10000001,115801.2,0,ask,
1757800472.3898752,10000001,115800.3,0,last,
1757800472.3898752,10000001,115798.8,0,bid,
1757800472.3898752,10000001,115801.2,0,ask,
1757800472.4268796,10000001,115800.3,0,last,
1757800472.4268796,10000001,115798.8,0,bid,
1757800472.4268796,10000001,115801.2,0,ask,
1757800473.5171952,10000001,115800.3,0,last,
1757800473.5171952,10000001,115798.8,0,bid,
1757800473.5171952,10000001,115801.2,0,ask,
1757800474.4186401,10000001,115800.3,0,last,
1757800474.4186401,10000001,115798.8,0,bid,
1757800474.4186401,10000001,115801.2,0,ask,
1757800475.462711,10000001,115800.3,0,last,
1757800475.462711,10000001,115798.8,0,bid,
1757800475.462711,10000001,115801.2,0,ask,
1757800477.4234738,10000001,115800.3,0,last,
1757800477.4234738,10000001,115798.8,0,bid,
1757800477.4234738,10000001,115801.2,0,ask,
1757800477.43151,10000001,115800.3,0,last,
1757800477.43151,10000001,115798.8,0,bid,
1757800477.43151,10000001,115801.2,0,ask,
1757800477.4391413,10000001,115800.3,0,last,
1757800477.4391413,10000001,115798.8,0,bid,
1757800477.4391413,10000001,115801.2,0,ask,
1757800477.4892719,10000001,115800.3,0,last,
1757800477.4892719,10000001,115798.8,0,bid,
1757800477.4892719,10000001,115801.2,0,ask,
1757800478.635049,10000001,115800.3,0,last,
1757800478.635049,10000001,115798.8,0,bid,
1757800478.635049,10000001,115801.2,0,ask,
1757800479.4212582,10000001,115800.3,0,last,
1757800479.4212582,10000001,115798.8,0,bid,
1757800479.4212582,10000001,115801.2,0,ask,
1757800479.7033772,10000001,115800.6,0,last,
1757800479.7033772,10000001,115798.8,0,bid,
1757800479.7033772,10000001,115801.2,0,ask,
1757800480.4648566,10000001,115800.6,0,last,
1757800480.4648566,10000001,115798.8,0,bid,
1757800480.4648566,10000001,115801.2,0,ask,
1757800482.3309994,10000001,115800.6,0,last,
1757800482.3309994,10000001,115798.8,0,bid,
1757800482.3309994,10000001,115801.2,0,ask,
1757800482.339476,10000001,115800.6,0,last,
1757800482.339476,10000001,115798.8,0,bid,
1757800482.339476,10000001,115801.2,0,ask,
1757800482.3785334,10000001,115800.6,0,last,
1757800482.3785334,10000001,115798.8,0,bid,
1757800482.3785334,10000001,115801.2,0,ask,
1757800482.9265077,10000001,115800.6,0,last,
1757800482.9265077,10000001,115798.8,0,bid,
1757800482.9265077,10000001,115801.2,0,ask,
1757800483.5148375,10000001,115800.6,0,last,
1757800483.5148375,10000001,115798.8,0,bid,
1757800483.5148375,10000001,115801.2,0,ask,
1757800484.4205863,10000001,115800.6,0,last,
1757800484.4205863,10000001,115798.8,0,bid,
1757800484.4205863,10000001,115801.2,0,ask,
1757800485.457629,10000001,115800.6,0,last,
1757800485.457629,10000001,115798.8,0,bid,
1757800485.457629,10000001,115801.2,0,ask,
1757800487.5357838,10000001,115800.6,0,last,
1757800487.5357838,10000001,115798.8,0,bid,
1757800487.5357838,10000001,115801.2,0,ask,
1757800487.5393178,10000001,115800.6,0,last,
1757800487.5393178,10000001,115798.8,0,bid,
1757800487.5393178,10000001,115801.2,0,ask,
1757800487.5508265,10000001,115800.6,0,last,
1757800487.5508265,10000001,115798.8,0,bid,
1757800487.5508265,10000001,115801.2,0,ask,
1757800487.585071,10000001,115800.6,0,last,
1757800487.585071,10000001,115798.8,0,bid,
1757800487.585071,10000001,115801.2,0,ask,
1757800487.744529,10000001,115800.5,0,last,
1757800487.744529,10000001,115798.8,0,bid,
1757800487.744529,10000001,115801.2,0,ask,
1757800488.756695,10000001,115800.5,0,last,
1757800488.756695,10000001,115798.8,0,bid,
1757800488.756695,10000001,115801.2,0,ask,
1757800489.4213095,10000001,115800.5,0,last,
1757800489.4213095,10000001,115798.8,0,bid,
1757800489.4213095,10000001,115801.2,0,ask,
1757800490.4206522,10000001,115800.5,0,last,
1757800490.4206522,10000001,115798.8,0,bid,
1757800490.4206522,10000001,115801.2,0,ask,
1757800492.6857212,10000001,115800.5,0,last,
1757800492.6857212,10000001,115798.8,0,bid,
1757800492.6857212,10000001,115801.2,0,ask,
1757800492.6862383,10000001,115800.5,0,last,
1757800492.6862383,10000001,115798.8,0,bid,
1757800492.6862383,10000001,115801.2,0,ask,
1757800492.6960132,10000001,115800.5,0,last,
1757800492.6960132,10000001,115798.8,0,bid,
1757800492.6960132,10000001,115801.2,0,ask,
1757800492.699591,10000001,115800.7,0,last,
1757800492.699591,10000001,115798.8,0,bid,
1757800492.699591,10000001,115801.2,0,ask,
1757800492.7744222,10000001,115800.7,0,last,
1757800492.7744222,10000001,115798.8,0,bid,
1757800492.7744222,10000001,115801.2,0,ask,
1757800493.595991,10000001,115800.7,0,last,
1757800493.595991,10000001,115798.8,0,bid,
1757800493.595991,10000001,115801.2,0,ask,
1757800494.7703927,10000001,115800.7,0,last,
1757800494.7703927,10000001,115798.8,0,bid,
1757800494.7703927,10000001,115801.2,0,ask,
1757800495.4227078,10000001,115800.7,0,last,
1757800495.4227078,10000001,115798.8,0,bid,
1757800495.4227078,10000001,115801.2,0,ask,
1757800497.5610473,10000001,115800.7,0,last,
1757800497.5610473,10000001,115798.8,0,bid,
1757800497.5610473,10000001,115801.2,0,ask,
1757800497.564139,10000001,115800.7,0,last,
1757800497.564139,10000001,115798.8,0,bid,
1757800497.564139,10000001,115801.2,0,ask,
1757800497.5755162,10000001,115800.7,0,last,
1757800497.5755162,10000001,115798.8,0,bid,
1757800497.5755162,10000001,115801.2,0,ask,
1757800497.6522646,10000001,115800.7,0,last,
1757800497.6522646,10000001,115798.8,0,bid,
1757800497.6522646,10000001,115801.2,0,ask,
1757800498.3547678,10000001,115800.4,0,last,
1757800498.3547678,10000001,115798.8,0,bid,
1757800498.3547678,10000001,115801.2,0,ask,
1757800498.3567722,10000001,115800.4,0,last,
1757800498.3567722,10000001,115798.8,0,bid,
1757800498.3567722,10000001,115801.2,0,ask,
1757800498.3567722,10000001,115796.0,0,last,
1757800498.3567722,10000001,115798.8,0,bid,
1757800498.3567722,10000001,115801.2,0,ask,
1757800498.3567722,10000001,115795.4,0,last,
1757800498.3567722,10000001,115798.8,0,bid,
1757800498.3567722,10000001,115801.2,0,ask,
1757800498.8134542,10000001,115795.4,0,last,
1757800498.8134542,10000001,115798.8,0,bid,
1757800498.8134542,10000001,115801.2,0,ask,
1757800499.4248366,10000001,115795.4,0,last,
1757800499.4248366,10000001,115798.8,0,bid,
1757800499.4248366,10000001,115801.2,0,ask,
1757800500.1787176,10000001,115788.7,0,last,
1757800500.1787176,10000001,115798.8,0,bid,
1757800500.1787176,10000001,115801.2,0,ask,
1757800500.1787176,10000001,115788.7,0,last,
1757800500.1787176,10000001,115798.8,0,bid,
1757800500.1787176,10000001,115801.2,0,ask,
1757800500.4284484,10000001,115788.7,0,last,
1757800500.4284484,10000001,115798.8,0,bid,
1757800500.4284484,10000001,115801.2,0,ask,
1757800502.5788558,10000001,115788.7,0,last,
1757800502.5788558,10000001,115798.8,0,bid,
1757800502.5788558,10000001,115801.2,0,ask,
1757800502.5823696,10000001,115788.7,0,last,
1757800502.5823696,10000001,115798.8,0,bid,
1757800502.5823696,10000001,115801.2,0,ask,
1757800502.5929096,10000001,115788.7,0,last,
1757800502.5929096,10000001,115798.8,0,bid,
1757800502.5929096,10000001,115801.2,0,ask,
1757800502.6397276,10000001,115788.7,0,last,
1757800502.6397276,10000001,115798.8,0,bid,
1757800502.6397276,10000001,115801.2,0,ask,
1757800503.4198596,10000001,115788.7,0,last,
1757800503.4198596,10000001,115798.8,0,bid,
1757800503.4198596,10000001,115801.2,0,ask,
1757800504.61142,10000001,115788.7,0,last,
1757800504.61142,10000001,115798.8,0,bid,
1757800504.61142,10000001,115801.2,0,ask,
1757800505.4197397,10000001,115788.7,0,last,
1757800505.4197397,10000001,115798.8,0,bid,
1757800505.4197397,10000001,115801.2,0,ask,
1757800505.7139182,10000001,115791.3,0,last,
1757800505.7139182,10000001,115798.8,0,bid,
1757800505.7139182,10000001,115801.2,0,ask,
1757800507.470801,10000001,115791.3,0,last,
1757800507.470801,10000001,115798.8,0,bid,
1757800507.470801,10000001,115801.2,0,ask,
1757800507.4759588,10000001,115791.3,0,last,
1757800507.4759588,10000001,115798.8,0,bid,
1757800507.4759588,10000001,115801.2,0,ask,
1757800507.4884179,10000001,115791.3,0,last,
1757800507.4884179,10000001,115798.8,0,bid,
1757800507.4884179,10000001,115801.2,0,ask,
1757800507.5266614,10000001,115791.3,0,last,
1757800507.5266614,10000001,115798.8,0,bid,
1757800507.5266614,10000001,115801.2,0,ask,
1757800509.109893,10000001,115791.3,0,last,
1757800509.109893,10000001,115798.8,0,bid,
1757800509.109893,10000001,115801.2,0,ask,
1757800509.6978343,10000001,115791.0,0,last,
1757800509.6978343,10000001,115798.8,0,bid,
1757800509.6978343,10000001,115801.2,0,ask,
1757800509.750591,10000001,115791.0,0,last,
1757800509.750591,10000001,115798.8,0,bid,
1757800509.750591,10000001,115801.2,0,ask,
1757800509.9399793,10000001,115790.0,0,last,
1757800509.9399793,10000001,115798.8,0,bid,
1757800509.9399793,10000001,115801.2,0,ask,
1757800510.4208696,10000001,115790.0,0,last,
1757800510.4208696,10000001,115798.8,0,bid,
1757800510.4208696,10000001,115801.2,0,ask,
1757800512.5665963,10000001,115790.0,0,last,
1757800512.5665963,10000001,115798.8,0,bid,
1757800512.5665963,10000001,115801.2,0,ask,
1757800512.5715375,10000001,115790.0,0,last,
1757800512.5715375,10000001,115798.8,0,bid,
1757800512.5715375,10000001,115801.2,0,ask,
1757800512.6947541,10000001,115790.0,0,last,
1757800512.6947541,10000001,115798.8,0,bid,
1757800512.6947541,10000001,115801.2,0,ask,
1757800512.7007546,10000001,115790.0,0,last,
1757800512.7007546,10000001,115798.8,0,bid,
1757800512.7007546,10000001,115801.2,0,ask,
1757800513.4204493,10000001,115790.0,0,last,
1757800513.4204493,10000001,115798.8,0,bid,
1757800513.4204493,10000001,115801.2,0,ask,
1757800514.4641001,10000001,115790.0,0,last,
1757800514.4641001,10000001,115798.8,0,bid,
1757800514.4641001,10000001,115801.2,0,ask,
1757800515.4204206,10000001,115790.0,0,last,
1757800515.4204206,10000001,115798.8,0,bid,
1757800515.4204206,10000001,115801.2,0,ask,
1757800516.4589415,10000001,115790.0,0,last,
1757800516.4589415,10000001,115798.8,0,bid,
1757800516.4589415,10000001,115801.2,0,ask,
1757800516.4736702,10000001,115790.0,0,last,
1757800516.4736702,10000001,115798.8,0,bid,
1757800516.4736702,10000001,115801.2,0,ask,
1757800516.5533834,10000001,115790.0,0,last,
1757800516.5533834,10000001,115798.8,0,bid,
1757800516.5533834,10000001,115801.2,0,ask,
1757800516.6985795,10000001,115791.3,0,last,
1757800516.6985795,10000001,115798.8,0,bid,
1757800516.6985795,10000001,115801.2,0,ask,
1757800518.3553667,10000001,115791.3,0,last,
1757800518.3553667,10000001,115798.8,0,bid,
1757800518.3553667,10000001,115801.2,0,ask,
1757800518.971168,10000001,115791.3,0,last,
1757800518.971168,10000001,115798.8,0,bid,
1757800518.971168,10000001,115801.2,0,ask,
1757800639.3945482,10000001,115790.9,0,last,
1757800639.3945482,10000001,115790.0,0,bid,
1757800639.3945482,10000001,115792.0,0,ask,
1757800639.3946805,10000001,115790.9,0,last,
1757800639.3946805,10000001,115790.0,0,bid,
1757800639.3946805,10000001,115792.0,0,ask,
1757800639.3961892,10000001,115791.2,0,last,
1757800639.3961892,10000001,115790.0,0,bid,
1757800639.3961892,10000001,115792.0,0,ask,
1757800639.502267,10000001,115791.2,0,last,
1757800639.502267,10000001,115790.0,0,bid,
1757800639.502267,10000001,115792.0,0,ask,
1757800640.4148586,10000001,115791.2,0,last,
1757800640.4148586,10000001,115790.0,0,bid,
1757800640.4148586,10000001,115792.0,0,ask,
1757800641.452901,10000001,115791.2,0,last,
1757800641.452901,10000001,115790.0,0,bid,
1757800641.452901,10000001,115792.0,0,ask,
1757800641.4640186,10000001,115791.2,0,last,
1757800641.4640186,10000001,115790.0,0,bid,
1757800641.4640186,10000001,115792.0,0,ask,
1757800641.549719,10000001,115791.2,0,last,
1757800641.549719,10000001,115790.0,0,bid,
1757800641.549719,10000001,115792.0,0,ask,
1757800643.3562772,10000001,115791.2,0,last,
1757800643.3562772,10000001,115790.0,0,bid,
1757800643.3562772,10000001,115792.0,0,ask,
1757800643.4165685,10000001,115791.2,0,last,
1757800643.4165685,10000001,115790.0,0,bid,
1757800643.4165685,10000001,115792.0,0,ask,
1757800644.5073805,10000001,115791.2,0,last,
1757800644.5073805,10000001,115790.0,0,bid,
1757800644.5073805,10000001,115792.0,0,ask,
1757800644.689763,10000001,115791.1,0,last,
1757800644.689763,10000001,115790.0,0,bid,
1757800644.689763,10000001,115792.0,0,ask,
1757800645.4188218,10000001,115791.1,0,last,
1757800645.4188218,10000001,115790.0,0,bid,
1757800645.4188218,10000001,115792.0,0,ask,
1757800646.4171946,10000001,115791.1,0,last,
1757800646.4171946,10000001,115790.0,0,bid,
1757800646.4171946,10000001,115792.0,0,ask,
1757800646.4470441,10000001,115791.1,0,last,
1757800646.4470441,10000001,115790.0,0,bid,
1757800646.4470441,10000001,115792.0,0,ask,
1757800646.4786398,10000001,115791.1,0,last,
1757800646.4786398,10000001,115790.0,0,bid,
1757800646.4786398,10000001,115792.0,0,ask,
1757800648.465447,10000001,115791.1,0,last,
1757800648.465447,10000001,115790.0,0,bid,
1757800648.465447,10000001,115792.0,0,ask,
1757800648.471799,10000001,115791.1,0,last,
1757800648.471799,10000001,115790.0,0,bid,
1757800648.471799,10000001,115792.0,0,ask,
1757800649.4200225,10000001,115791.1,0,last,
1757800649.4200225,10000001,115790.0,0,bid,
1757800649.4200225,10000001,115792.0,0,ask,
1757800649.705322,10000001,115791.0,0,last,
1757800649.705322,10000001,115790.0,0,bid,
1757800649.705322,10000001,115792.0,0,ask,
1757800650.4212756,10000001,115791.0,0,last,
1757800650.4212756,10000001,115790.0,0,bid,
1757800650.4212756,10000001,115792.0,0,ask,
1757800651.4233103,10000001,115791.0,0,last,
1757800651.4233103,10000001,115790.0,0,bid,
1757800651.4233103,10000001,115792.0,0,ask,
1757800651.4598587,10000001,115791.0,0,last,
1757800651.4598587,10000001,115790.0,0,bid,
1757800651.4598587,10000001,115792.0,0,ask,
1757800651.4904788,10000001,115791.0,0,last,
1757800651.4904788,10000001,115790.0,0,bid,
1757800651.4904788,10000001,115792.0,0,ask,
1757800652.4599266,10000001,115791.0,0,last,
1757800652.4599266,10000001,115790.0,0,bid,
1757800652.4599266,10000001,115792.0,0,ask,
1757800654.3815722,10000001,115791.0,0,last,
1757800654.3815722,10000001,115790.0,0,bid,
1757800654.3815722,10000001,115792.0,0,ask,
1757800654.710554,10000001,115791.0,0,last,
1757800654.710554,10000001,115790.0,0,bid,
1757800654.710554,10000001,115792.0,0,ask,
1757800654.961416,10000001,115791.0,0,last,
1757800654.961416,10000001,115790.0,0,bid,
1757800654.961416,10000001,115792.0,0,ask,
1757800655.539815,10000001,115791.0,0,last,
1757800655.539815,10000001,115790.0,0,bid,
1757800655.539815,10000001,115792.0,0,ask,
1757800656.42429,10000001,115791.0,0,last,
1757800656.42429,10000001,115790.0,0,bid,
1757800656.42429,10000001,115792.0,0,ask,
1757800656.4541266,10000001,115791.0,0,last,
1757800656.4541266,10000001,115790.0,0,bid,
1757800656.4541266,10000001,115792.0,0,ask,
1757800656.4984496,10000001,115791.0,0,last,
1757800656.4984496,10000001,115790.0,0,bid,
1757800656.4984496,10000001,115792.0,0,ask,
1757800657.4300263,10000001,115791.0,0,last,
1757800657.4300263,10000001,115790.0,0,bid,
1757800657.4300263,10000001,115792.0,0,ask,
1757800659.6245456,10000001,115791.0,0,last,
1757800659.6245456,10000001,115790.0,0,bid,
1757800659.6245456,10000001,115792.0,0,ask,
1757800659.6315637,10000001,115791.0,0,last,
1757800659.6315637,10000001,115790.0,0,bid,
1757800659.6315637,10000001,115792.0,0,ask,
1757800660.7042737,10000001,115790.8,0,last,
1757800660.7042737,10000001,115790.0,0,bid,
1757800660.7042737,10000001,115792.0,0,ask,
1757800660.8675413,10000001,115790.8,0,last,
1757800660.8675413,10000001,115790.0,0,bid,
1757800660.8675413,10000001,115792.0,0,ask,
1757800661.431901,10000001,115790.8,0,last,
1757800661.431901,10000001,115790.0,0,bid,
1757800661.431901,10000001,115792.0,0,ask,
1757800661.4589148,10000001,115790.8,0,last,
1757800661.4589148,10000001,115790.0,0,bid,
1757800661.4589148,10000001,115792.0,0,ask,
1757800661.493303,10000001,115790.8,0,last,
1757800661.493303,10000001,115790.0,0,bid,
1757800661.493303,10000001,115792.0,0,ask,
1757800662.4221091,10000001,115790.8,0,last,
1757800662.4221091,10000001,115790.0,0,bid,
1757800662.4221091,10000001,115792.0,0,ask,
1757800664.461125,10000001,115790.8,0,last,
1757800664.461125,10000001,115790.0,0,bid,
1757800664.461125,10000001,115792.0,0,ask,
1757800664.477681,10000001,115790.8,0,last,
1757800664.477681,10000001,115790.0,0,bid,
1757800664.477681,10000001,115792.0,0,ask,
1757800665.4209561,10000001,115790.8,0,last,
1757800665.4209561,10000001,115790.0,0,bid,
1757800665.4209561,10000001,115792.0,0,ask,
1757800666.5187123,10000001,115790.8,0,last,
1757800666.5187123,10000001,115790.0,0,bid,
1757800666.5187123,10000001,115792.0,0,ask,
1757800666.530897,10000001,115790.8,0,last,
1757800666.530897,10000001,115790.0,0,bid,
1757800666.530897,10000001,115792.0,0,ask,
1757800666.570722,10000001,115790.8,0,last,
1757800666.570722,10000001,115790.0,0,bid,
1757800666.570722,10000001,115792.0,0,ask,
1757800666.6935735,10000001,115790.9,0,last,
1757800666.6935735,10000001,115790.0,0,bid,
1757800666.6935735,10000001,115792.0,0,ask,
1757800667.4188266,10000001,115790.9,0,last,
1757800667.4188266,10000001,115790.0,0,bid,
1757800667.4188266,10000001,115792.0,0,ask,
1757800669.5003293,10000001,115790.9,0,last,
1757800669.5003293,10000001,115790.0,0,bid,
1757800669.5003293,10000001,115792.0,0,ask,
1757800669.5042946,10000001,115790.9,0,last,
1757800669.5042946,10000001,115790.0,0,bid,
1757800669.5042946,10000001,115792.0,0,ask,
1757800670.7271838,10000001,115790.9,0,last,
1757800670.7271838,10000001,115790.0,0,bid,
1757800670.7271838,10000001,115792.0,0,ask,
1757800671.4196496,10000001,115790.9,0,last,
1757800671.4196496,10000001,115790.0,0,bid,
1757800671.4196496,10000001,115792.0,0,ask,
1757800671.4475694,10000001,115790.9,0,last,
1757800671.4475694,10000001,115790.0,0,bid,
1757800671.4475694,10000001,115792.0,0,ask,
1757800671.482536,10000001,115790.9,0,last,
1757800671.482536,10000001,115790.0,0,bid,
1757800671.482536,10000001,115792.0,0,ask,
1757800672.4188633,10000001,115790.9,0,last,
1757800672.4188633,10000001,115790.0,0,bid,
1757800672.4188633,10000001,115792.0,0,ask,
1757800674.359781,10000001,115790.9,0,last,
1757800674.359781,10000001,115790.0,0,bid,
1757800674.359781,10000001,115792.0,0,ask,
1757800674.4546359,10000001,115790.9,0,last,
1757800674.4546359,10000001,115790.0,0,bid,
1757800674.4546359,10000001,115792.0,0,ask,
1757800675.715087,10000001,115790.9,0,last,
1757800675.715087,10000001,115790.0,0,bid,
1757800675.715087,10000001,115792.0,0,ask,
1757800675.8807535,10000001,115790.9,0,last,
1757800675.8807535,10000001,115790.0,0,bid,
1757800675.8807535,10000001,115792.0,0,ask,
1757800676.4685402,10000001,115790.9,0,last,
1757800676.4685402,10000001,115790.0,0,bid,
1757800676.4685402,10000001,115792.0,0,ask,
1757800676.4834623,10000001,115790.9,0,last,
1757800676.4834623,10000001,115790.0,0,bid,
1757800676.4834623,10000001,115792.0,0,ask,
1757800676.5278757,10000001,115790.9,0,last,
1757800676.5278757,10000001,115790.0,0,bid,
1757800676.5278757,10000001,115792.0,0,ask,
1757800677.422781,10000001,115790.9,0,last,
1757800677.422781,10000001,115790.0,0,bid,
1757800677.422781,10000001,115792.0,0,ask,
1757800678.4563074,10000001,115790.9,0,last,
1757800678.4563074,10000001,115790.0,0,bid,
1757800678.4563074,10000001,115792.0,0,ask,
1757800680.17565,10000001,115790.9,0,last,
1757800680.17565,10000001,115790.0,0,bid,
1757800680.17565,10000001,115792.0,0,ask,
1757800680.412524,10000001,115790.9,0,last,
1757800680.412524,10000001,115790.0,0,bid,
1757800680.412524,10000001,115792.0,0,ask,
1757800681.0603254,10000001,115790.9,0,last,
1757800681.0603254,10000001,115790.0,0,bid,
1757800681.0603254,10000001,115792.0,0,ask,
1757800681.6559339,10000001,115790.9,0,last,
1757800681.6559339,10000001,115790.0,0,bid,
1757800681.6559339,10000001,115792.0,0,ask,
1757800681.672083,10000001,115790.9,0,last,
1757800681.672083,10000001,115790.0,0,bid,
1757800681.672083,10000001,115792.0,0,ask,
1757800681.7130663,10000001,115790.9,0,last,
1757800681.7130663,10000001,115790.0,0,bid,
1757800681.7130663,10000001,115792.0,0,ask,
1757800682.4215696,10000001,115790.9,0,last,
1757800682.4215696,10000001,115790.0,0,bid,
1757800682.4215696,10000001,115792.0,0,ask,
1757800682.722955,10000001,115790.9,0,last,
1757800682.722955,10000001,115790.0,0,bid,
1757800682.722955,10000001,115792.0,0,ask,
1757800683.4233952,10000001,115790.9,0,last,
1757800683.4233952,10000001,115790.0,0,bid,
1757800683.4233952,10000001,115792.0,0,ask,
1757800685.6773462,10000001,115790.9,0,last,
1757800685.6773462,10000001,115790.0,0,bid,
1757800685.6773462,10000001,115792.0,0,ask,
1757800685.6937227,10000001,115790.9,0,last,
1757800685.6937227,10000001,115790.0,0,bid,
1757800685.6937227,10000001,115792.0,0,ask,
1757800686.9397662,10000001,115790.9,0,last,
1757800686.9397662,10000001,115790.0,0,bid,
1757800686.9397662,10000001,115792.0,0,ask,
1757800686.9417553,10000001,115790.9,0,last,
1757800686.9417553,10000001,115790.0,0,bid,
1757800686.9417553,10000001,115792.0,0,ask,
1757800686.9875143,10000001,115790.9,0,last,
1757800686.9875143,10000001,115790.0,0,bid,
1757800686.9875143,10000001,115792.0,0,ask,
1757800687.5163321,10000001,115790.9,0,last,
1757800687.5163321,10000001,115790.0,0,bid,
1757800687.5163321,10000001,115792.0,0,ask,
1757800687.7173536,10000001,115791.2,0,last,
1757800687.7173536,10000001,115790.0,0,bid,
1757800687.7173536,10000001,115792.0,0,ask,
1757800688.4286156,10000001,115791.2,0,last,
1757800688.4286156,10000001,115790.0,0,bid,
1757800688.4286156,10000001,115792.0,0,ask,
1757800690.3796344,10000001,115791.2,0,last,
1757800690.3796344,10000001,115790.0,0,bid,
1757800690.3796344,10000001,115792.0,0,ask,
1757800691.106099,10000001,115791.2,0,last,
1757800691.106099,10000001,115790.0,0,bid,
1757800691.106099,10000001,115792.0,0,ask,
1757800691.6992524,10000001,115791.2,0,last,
1757800691.6992524,10000001,115790.0,0,bid,
1757800691.6992524,10000001,115792.0,0,ask,
1757800691.7138207,10000001,115791.2,0,last,
1757800691.7138207,10000001,115790.0,0,bid,
1757800691.7138207,10000001,115792.0,0,ask,
1757800691.7510045,10000001,115791.2,0,last,
1757800691.7510045,10000001,115790.0,0,bid,
1757800691.7510045,10000001,115792.0,0,ask,
1757800692.419249,10000001,115791.2,0,last,
1757800692.419249,10000001,115790.0,0,bid,
1757800692.419249,10000001,115792.0,0,ask,
1757800693.4258091,10000001,115791.2,0,last,
1757800693.4258091,10000001,115790.0,0,bid,
1757800693.4258091,10000001,115792.0,0,ask,
1757800693.7066872,10000001,115791.2,0,last,
1757800693.7066872,10000001,115790.0,0,bid,
1757800693.7066872,10000001,115792.0,0,ask,
1757800695.4626374,10000001,115791.2,0,last,
1757800695.4626374,10000001,115790.0,0,bid,
1757800695.4626374,10000001,115792.0,0,ask,
1757800695.4685767,10000001,115791.2,0,last,
1757800695.4685767,10000001,115790.0,0,bid,
1757800695.4685767,10000001,115792.0,0,ask,
1757800696.6894622,10000001,115791.2,0,last,
1757800696.6894622,10000001,115790.0,0,bid,
1757800696.6894622,10000001,115792.0,0,ask,
1757800696.7033103,10000001,115791.2,0,last,
1757800696.7033103,10000001,115790.0,0,bid,
1757800696.7033103,10000001,115792.0,0,ask,
1757800696.7477844,10000001,115791.2,0,last,
1757800696.7477844,10000001,115790.0,0,bid,
1757800696.7477844,10000001,115792.0,0,ask,
1757800697.417214,10000001,115791.2,0,last,
1757800697.417214,10000001,115790.0,0,bid,
1757800697.417214,10000001,115792.0,0,ask,
1757800697.6897283,10000001,115791.0,0,last,
1757800697.6897283,10000001,115790.0,0,bid,
1757800697.6897283,10000001,115792.0,0,ask,
1757800698.4178176,10000001,115791.0,0,last,
1757800698.4178176,10000001,115790.0,0,bid,
1757800698.4178176,10000001,115792.0,0,ask,
1757800700.5618083,10000001,115791.0,0,last,
1757800700.5618083,10000001,115790.0,0,bid,
1757800700.5618083,10000001,115792.0,0,ask,
1757800700.5691452,10000001,115791.0,0,last,
1757800700.5691452,10000001,115790.0,0,bid,
1757800700.5691452,10000001,115792.0,0,ask,
1757800701.4159172,10000001,115791.0,0,last,
1757800701.4159172,10000001,115790.0,0,bid,
1757800701.4159172,10000001,115792.0,0,ask,
1757800701.4465497,10000001,115791.0,0,last,
1757800701.4465497,10000001,115790.0,0,bid,
1757800701.4465497,10000001,115792.0,0,ask,
1757800701.4876223,10000001,115791.0,0,last,
1757800701.4876223,10000001,115790.0,0,bid,
1757800701.4876223,10000001,115792.0,0,ask,
1757800702.5063448,10000001,115791.0,0,last,
1757800702.5063448,10000001,115790.0,0,bid,
1757800702.5063448,10000001,115792.0,0,ask,
1757800702.740182,10000001,115790.0,0,last,
1757800702.740182,10000001,115790.0,0,bid,
1757800702.740182,10000001,115792.0,0,ask,
1757800702.740335,10000001,115790.0,0,last,
1757800702.740335,10000001,115790.0,0,bid,
1757800702.740335,10000001,115792.0,0,ask,
1757800702.7403738,10000001,115790.0,0,last,
1757800702.7403738,10000001,115790.0,0,bid,
1757800702.7403738,10000001,115792.0,0,ask,
1757800702.7404072,10000001,115790.0,0,last,
1757800702.7404072,10000001,115790.0,0,bid,
1757800702.7404072,10000001,115792.0,0,ask,
1757800703.4192276,10000001,115790.0,0,last,
1757800703.4192276,10000001,115790.0,0,bid,
1757800703.4192276,10000001,115792.0,0,ask,
1757800704.4546192,10000001,115790.0,0,last,
1757800704.4546192,10000001,115790.0,0,bid,
1757800704.4546192,10000001,115792.0,0,ask,
1757800706.369334,10000001,115790.0,0,last,
1757800706.369334,10000001,115790.0,0,bid,
1757800706.369334,10000001,115792.0,0,ask,
1757800706.417578,10000001,115790.0,0,last,
1757800706.417578,10000001,115790.0,0,bid,
1757800706.417578,10000001,115792.0,0,ask,
1757800706.4473398,10000001,115790.0,0,last,
1757800706.4473398,10000001,115790.0,0,bid,
1757800706.4473398,10000001,115792.0,0,ask,
1757800706.4852147,10000001,115790.0,0,last,
1757800706.4852147,10000001,115790.0,0,bid,
1757800706.4852147,10000001,115792.0,0,ask,
1757800707.546456,10000001,115790.0,0,last,
1757800707.546456,10000001,115790.0,0,bid,
1757800707.546456,10000001,115792.0,0,ask,
1757800708.422737,10000001,115790.0,0,last,
1757800708.422737,10000001,115790.0,0,bid,
1757800708.422737,10000001,115792.0,0,ask,
1757800708.7247376,10000001,115791.3,0,last,
1757800708.7247376,10000001,115790.0,0,bid,
1757800708.7247376,10000001,115792.0,0,ask,
1757800709.4579208,10000001,115791.3,0,last,
1757800709.4579208,10000001,115790.0,0,bid,
1757800709.4579208,10000001,115792.0,0,ask,
1757800711.3860352,10000001,115791.3,0,last,
1757800711.3860352,10000001,115790.0,0,bid,
1757800711.3860352,10000001,115792.0,0,ask,
1757800711.9832256,10000001,115791.3,0,last,
1757800711.9832256,10000001,115790.0,0,bid,
1757800711.9832256,10000001,115792.0,0,ask,
1757800711.9995346,10000001,115791.3,0,last,
1757800711.9995346,10000001,115790.0,0,bid,
1757800711.9995346,10000001,115792.0,0,ask,
1757800712.0397549,10000001,115791.3,0,last,
1757800712.0397549,10000001,115790.0,0,bid,
1757800712.0397549,10000001,115792.0,0,ask,
1757800712.5820203,10000001,115791.3,0,last,
1757800712.5820203,10000001,115790.0,0,bid,
1757800712.5820203,10000001,115792.0,0,ask,
1757800713.2283342,10000001,115792.0,0,last,
1757800713.2283342,10000001,115790.0,0,bid,
1757800713.2283342,10000001,115792.0,0,ask,
1757800713.228382,10000001,115796.1,0,last,
1757800713.228382,10000001,115790.0,0,bid,
1757800713.228382,10000001,115792.0,0,ask,
1757800713.4235907,10000001,115796.1,0,last,
1757800713.4235907,10000001,115790.0,0,bid,
1757800713.4235907,10000001,115792.0,0,ask,
1757800714.4584894,10000001,115796.1,0,last,
1757800714.4584894,10000001,115790.0,0,bid,
1757800714.4584894,10000001,115792.0,0,ask,
1757800716.39938,10000001,115796.1,0,last,
1757800716.39938,10000001,115790.0,0,bid,
1757800716.39938,10000001,115792.0,0,ask,
1757800716.426622,10000001,115796.1,0,last,
1757800716.426622,10000001,115790.0,0,bid,
1757800716.426622,10000001,115792.0,0,ask,
1757800716.4528675,10000001,115796.1,0,last,
1757800716.4528675,10000001,115790.0,0,bid,
1757800716.4528675,10000001,115792.0,0,ask,
1757800716.4907115,10000001,115796.1,0,last,
1757800716.4907115,10000001,115790.0,0,bid,
1757800716.4907115,10000001,115792.0,0,ask,
1757800717.5797982,10000001,115796.1,0,last,
1757800717.5797982,10000001,115790.0,0,bid,
1757800717.5797982,10000001,115792.0,0,ask,
1757800718.4292793,10000001,115796.1,0,last,
1757800718.4292793,10000001,115790.0,0,bid,
1757800718.4292793,10000001,115792.0,0,ask,
1757800719.426411,10000001,115796.1,0,last,
1757800719.426411,10000001,115790.0,0,bid,
1757800719.426411,10000001,115792.0,0,ask,
1757800721.593647,10000001,115796.1,0,last,
1757800721.593647,10000001,115790.0,0,bid,
1757800721.593647,10000001,115792.0,0,ask,
1757800721.6003988,10000001,115796.1,0,last,
1757800721.6003988,10000001,115790.0,0,bid,
1757800721.6003988,10000001,115792.0,0,ask,
1757800721.6076152,10000001,115796.1,0,last,
1757800721.6076152,10000001,115790.0,0,bid,
1757800721.6076152,10000001,115792.0,0,ask,
1757800721.6386273,10000001,115796.1,0,last,
1757800721.6386273,10000001,115790.0,0,bid,
1757800721.6386273,10000001,115792.0,0,ask,
1757800721.892781,10000001,115799.3,0,last,
1757800721.892781,10000001,115790.0,0,bid,
1757800721.892781,10000001,115792.0,0,ask,
1757800722.8539956,10000001,115799.3,0,last,
1757800722.8539956,10000001,115790.0,0,bid,
1757800722.8539956,10000001,115792.0,0,ask,
1757800723.4393783,10000001,115799.3,0,last,
1757800723.4393783,10000001,115790.0,0,bid,
1757800723.4393783,10000001,115792.0,0,ask,
1757800724.4171178,10000001,115799.3,0,last,
1757800724.4171178,10000001,115790.0,0,bid,
1757800724.4171178,10000001,115792.0,0,ask,
1757800725.461609,10000001,115799.3,0,last,
1757800725.461609,10000001,115790.0,0,bid,
1757800725.461609,10000001,115792.0,0,ask,
1757800726.6029549,10000001,115800.0,0,last,
1757800726.6029549,10000001,115790.0,0,bid,
1757800726.6029549,10000001,115792.0,0,ask,
1757800726.6053429,10000001,115801.8,0,last,
1757800726.6053429,10000001,115790.0,0,bid,
1757800726.6053429,10000001,115792.0,0,ask,
1757800726.605394,10000001,115801.8,0,last,
1757800726.605394,10000001,115790.0,0,bid,
1757800726.605394,10000001,115792.0,0,ask,
1757800726.6054325,10000001,115803.0,0,last,
1757800726.6054325,10000001,115790.0,0,bid,
1757800726.6054325,10000001,115792.0,0,ask,
1757800726.6054664,10000001,115803.5,0,last,
1757800726.6054664,10000001,115790.0,0,bid,
1757800726.6054664,10000001,115792.0,0,ask,
1757800726.6608772,10000001,115811.3,0,last,
1757800726.6608772,10000001,115790.0,0,bid,
1757800726.6608772,10000001,115792.0,0,ask,
