timestamp,contract_id,price,size,side,exchange_timestamp
1757800369.2712595,10000227,3634.46,0,last,
1757800369.2712595,10000227,3634.1,0,bid,
1757800369.2712595,10000227,3635.13,0,ask,
1757800369.7015495,10000227,3634.46,0,last,
1757800369.7015495,10000227,3634.1,0,bid,
1757800369.7015495,10000227,3635.13,0,ask,
1757800370.4306207,10000227,3634.46,0,last,
1757800370.4306207,10000227,3634.1,0,bid,
1757800370.4306207,10000227,3635.13,0,ask,
1757800371.4669933,10000227,3634.46,0,last,
1757800371.4669933,10000227,3634.1,0,bid,
1757800371.4669933,10000227,3635.13,0,ask,
1757800371.5559196,10000227,3634.46,0,last,
1757800371.5559196,10000227,3634.1,0,bid,
1757800371.5559196,10000227,3635.13,0,ask,
1757800371.570936,10000227,3634.46,0,last,
1757800371.570936,10000227,3634.1,0,bid,
1757800371.570936,10000227,3635.13,0,ask,
1757800373.5056655,10000227,3634.46,0,last,
1757800373.5056655,10000227,3634.1,0,bid,
1757800373.5056655,10000227,3635.13,0,ask,
1757800373.5126848,10000227,3634.46,0,last,
1757800373.5126848,10000227,3634.1,0,bid,
1757800373.5126848,10000227,3635.13,0,ask,
1757800374.7018483,10000227,3634.46,0,last,
1757800374.7018483,10000227,3634.1,0,bid,
1757800374.7018483,10000227,3635.13,0,ask,
1757800375.4245584,10000227,3634.46,0,last,
1757800375.4245584,10000227,3634.1,0,bid,
1757800375.4245584,10000227,3635.13,0,ask,
1757800376.4230258,10000227,3634.46,0,last,
1757800376.4230258,10000227,3634.1,0,bid,
1757800376.4230258,10000227,3635.13,0,ask,
1757800376.4599323,10000227,3634.46,0,last,
1757800376.4599323,10000227,3634.1,0,bid,
1757800376.4599323,10000227,3635.13,0,ask,
1757800376.4896896,10000227,3634.46,0,last,
1757800376.4896896,10000227,3634.1,0,bid,
1757800376.4896896,10000227,3635.13,0,ask,
1757800378.5124824,10000227,3634.46,0,last,
1757800378.5124824,10000227,3634.1,0,bid,
1757800378.5124824,10000227,3635.13,0,ask,
1757800378.5197344,10000227,3634.46,0,last,
1757800378.5197344,10000227,3634.1,0,bid,
1757800378.5197344,10000227,3635.13,0,ask,
1757800379.7441506,10000227,3634.46,0,last,
1757800379.7441506,10000227,3634.1,0,bid,
1757800379.7441506,10000227,3635.13,0,ask,
1757800379.9189103,10000227,3634.64,0,last,
1757800379.9189103,10000227,3634.1,0,bid,
1757800379.9189103,10000227,3635.13,0,ask,
1757800380.2580433,10000227,3634.64,0,last,
1757800380.2580433,10000227,3634.1,0,bid,
1757800380.2580433,10000227,3635.13,0,ask,
1757800380.426126,10000227,3634.64,0,last,
1757800380.426126,10000227,3634.1,0,bid,
1757800380.426126,10000227,3635.13,0,ask,
1757800381.42442,10000227,3634.64,0,last,
1757800381.42442,10000227,3634.1,0,bid,
1757800381.42442,10000227,3635.13,0,ask,
1757800381.4581492,10000227,3634.64,0,last,
1757800381.4581492,10000227,3634.1,0,bid,
1757800381.4581492,10000227,3635.13,0,ask,
1757800381.506752,10000227,3634.64,0,last,
1757800381.506752,10000227,3634.1,0,bid,
1757800381.506752,10000227,3635.13,0,ask,
1757800382.4661963,10000227,3634.64,0,last,
1757800382.4661963,10000227,3634.1,0,bid,
1757800382.4661963,10000227,3635.13,0,ask,
1757800384.6796944,10000227,3634.64,0,last,
1757800384.6796944,10000227,3634.1,0,bid,
1757800384.6796944,10000227,3635.13,0,ask,
1757800384.6848426,10000227,3634.64,0,last,
1757800384.6848426,10000227,3634.1,0,bid,
1757800384.6848426,10000227,3635.13,0,ask,
1757800385.4277258,10000227,3634.64,0,last,
1757800385.4277258,10000227,3634.1,0,bid,
1757800385.4277258,10000227,3635.13,0,ask,
1757800386.4801779,10000227,3634.64,0,last,
1757800386.4801779,10000227,3634.1,0,bid,
1757800386.4801779,10000227,3635.13,0,ask,
1757800386.493631,10000227,3634.64,0,last,
1757800386.493631,10000227,3634.1,0,bid,
1757800386.493631,10000227,3635.13,0,ask,
1757800386.533156,10000227,3634.64,0,last,
1757800386.533156,10000227,3634.1,0,bid,
1757800386.533156,10000227,3635.13,0,ask,
1757800387.467543,10000227,3634.64,0,last,
1757800387.467543,10000227,3634.1,0,bid,
1757800387.467543,10000227,3635.13,0,ask,
1757800389.3548477,10000227,3634.64,0,last,
1757800389.3548477,10000227,3634.1,0,bid,
1757800389.3548477,10000227,3635.13,0,ask,
1757800389.4251292,10000227,3634.64,0,last,
1757800389.4251292,10000227,3634.1,0,bid,
1757800389.4251292,10000227,3635.13,0,ask,
1757800389.836166,10000227,3634.58,0,last,
1757800389.836166,10000227,3634.1,0,bid,
1757800389.836166,10000227,3635.13,0,ask,
1757800390.607766,10000227,3634.58,0,last,
1757800390.607766,10000227,3634.1,0,bid,
1757800390.607766,10000227,3635.13,0,ask,
1757800391.4246364,10000227,3634.58,0,last,
1757800391.4246364,10000227,3634.1,0,bid,
1757800391.4246364,10000227,3635.13,0,ask,
1757800391.4536862,10000227,3634.58,0,last,
1757800391.4536862,10000227,3634.1,0,bid,
1757800391.4536862,10000227,3635.13,0,ask,
1757800391.4916599,10000227,3634.58,0,last,
1757800391.4916599,10000227,3634.1,0,bid,
1757800391.4916599,10000227,3635.13,0,ask,
1757800392.466228,10000227,3634.58,0,last,
1757800392.466228,10000227,3634.1,0,bid,
1757800392.466228,10000227,3635.13,0,ask,
1757800394.3584697,10000227,3634.58,0,last,
1757800394.3584697,10000227,3634.1,0,bid,
1757800394.3584697,10000227,3635.13,0,ask,
1757800394.4223876,10000227,3634.58,0,last,
1757800394.4223876,10000227,3634.1,0,bid,
1757800394.4223876,10000227,3635.13,0,ask,
1757800395.756954,10000227,3634.58,0,last,
1757800395.756954,10000227,3634.1,0,bid,
1757800395.756954,10000227,3635.13,0,ask,
1757800396.423372,10000227,3634.58,0,last,
1757800396.423372,10000227,3634.1,0,bid,
1757800396.423372,10000227,3635.13,0,ask,
1757800396.4651737,10000227,3634.58,0,last,
1757800396.4651737,10000227,3634.1,0,bid,
1757800396.4651737,10000227,3635.13,0,ask,
1757800396.484117,10000227,3634.58,0,last,
1757800396.484117,10000227,3634.1,0,bid,
1757800396.484117,10000227,3635.13,0,ask,
1757800396.8003502,10000227,3634.64,0,last,
1757800396.8003502,10000227,3634.1,0,bid,
1757800396.8003502,10000227,3635.13,0,ask,
1757800397.4700747,10000227,3634.64,0,last,
1757800397.4700747,10000227,3634.1,0,bid,
1757800397.4700747,10000227,3635.13,0,ask,
1757800399.3891635,10000227,3634.64,0,last,
1757800399.3891635,10000227,3634.1,0,bid,
1757800399.3891635,10000227,3635.13,0,ask,
1757800399.4243908,10000227,3634.64,0,last,
1757800399.4243908,10000227,3634.1,0,bid,
1757800399.4243908,10000227,3635.13,0,ask,
1757800400.6170847,10000227,3634.64,0,last,
1757800400.6170847,10000227,3634.1,0,bid,
1757800400.6170847,10000227,3635.13,0,ask,
1757800401.4246154,10000227,3634.64,0,last,
1757800401.4246154,10000227,3634.1,0,bid,
1757800401.4246154,10000227,3635.13,0,ask,
1757800401.455114,10000227,3634.64,0,last,
1757800401.455114,10000227,3634.1,0,bid,
1757800401.455114,10000227,3635.13,0,ask,
1757800401.495599,10000227,3634.64,0,last,
1757800401.495599,10000227,3634.1,0,bid,
1757800401.495599,10000227,3635.13,0,ask,
1757800402.4626973,10000227,3634.64,0,last,
1757800402.4626973,10000227,3634.1,0,bid,
1757800402.4626973,10000227,3635.13,0,ask,
1757800404.5665662,10000227,3634.64,0,last,
1757800404.5665662,10000227,3634.1,0,bid,
1757800404.5665662,10000227,3635.13,0,ask,
1757800404.575662,10000227,3634.64,0,last,
1757800404.575662,10000227,3634.1,0,bid,
1757800404.575662,10000227,3635.13,0,ask,
1757800405.4240532,10000227,3634.64,0,last,
1757800405.4240532,10000227,3634.1,0,bid,
1757800405.4240532,10000227,3635.13,0,ask,
1757800406.5145473,10000227,3634.64,0,last,
1757800406.5145473,10000227,3634.1,0,bid,
1757800406.5145473,10000227,3635.13,0,ask,
1757800406.5262723,10000227,3634.64,0,last,
1757800406.5262723,10000227,3634.1,0,bid,
1757800406.5262723,10000227,3635.13,0,ask,
1757800406.5663903,10000227,3634.64,0,last,
1757800406.5663903,10000227,3634.1,0,bid,
1757800406.5663903,10000227,3635.13,0,ask,
1757800407.4629016,10000227,3634.64,0,last,
1757800407.4629016,10000227,3634.1,0,bid,
1757800407.4629016,10000227,3635.13,0,ask,
1757800409.3653636,10000227,3634.64,0,last,
1757800409.3653636,10000227,3634.1,0,bid,
1757800409.3653636,10000227,3635.13,0,ask,
1757800409.4301023,10000227,3634.64,0,last,
1757800409.4301023,10000227,3634.1,0,bid,
1757800409.4301023,10000227,3635.13,0,ask,
1757800410.584481,10000227,3634.64,0,last,
1757800410.584481,10000227,3634.1,0,bid,
1757800410.584481,10000227,3635.13,0,ask,
1757800411.4314964,10000227,3634.64,0,last,
1757800411.4314964,10000227,3634.1,0,bid,
1757800411.4314964,10000227,3635.13,0,ask,
1757800411.454541,10000227,3634.64,0,last,
1757800411.454541,10000227,3634.1,0,bid,
1757800411.454541,10000227,3635.13,0,ask,
1757800411.4837847,10000227,3634.64,0,last,
1757800411.4837847,10000227,3634.1,0,bid,
1757800411.4837847,10000227,3635.13,0,ask,
1757800412.4621584,10000227,3634.64,0,last,
1757800412.4621584,10000227,3634.1,0,bid,
1757800412.4621584,10000227,3635.13,0,ask,
1757800412.7978466,10000227,3634.58,0,last,
1757800412.7978466,10000227,3634.1,0,bid,
1757800412.7978466,10000227,3635.13,0,ask,
1757800414.36035,10000227,3634.58,0,last,
1757800414.36035,10000227,3634.1,0,bid,
1757800414.36035,10000227,3635.13,0,ask,
1757800414.9668834,10000227,3634.58,0,last,
1757800414.9668834,10000227,3634.1,0,bid,
1757800414.9668834,10000227,3635.13,0,ask,
1757800415.6032927,10000227,3634.58,0,last,
1757800415.6032927,10000227,3634.1,0,bid,
1757800415.6032927,10000227,3635.13,0,ask,
1757800416.4254,10000227,3634.58,0,last,
1757800416.4254,10000227,3634.1,0,bid,
1757800416.4254,10000227,3635.13,0,ask,
1757800416.4557936,10000227,3634.58,0,last,
1757800416.4557936,10000227,3634.1,0,bid,
1757800416.4557936,10000227,3635.13,0,ask,
1757800416.489688,10000227,3634.58,0,last,
1757800416.489688,10000227,3634.1,0,bid,
1757800416.489688,10000227,3635.13,0,ask,
1757800417.4643128,10000227,3634.58,0,last,
1757800417.4643128,10000227,3634.1,0,bid,
1757800417.4643128,10000227,3635.13,0,ask,
1757800419.693282,10000227,3634.58,0,last,
1757800419.693282,10000227,3634.1,0,bid,
1757800419.693282,10000227,3635.13,0,ask,
1757800419.694342,10000227,3634.58,0,last,
1757800419.694342,10000227,3634.1,0,bid,
1757800419.694342,10000227,3635.13,0,ask,
1757800420.7938092,10000227,3634.58,0,last,
1757800420.7938092,10000227,3634.1,0,bid,
1757800420.7938092,10000227,3635.13,0,ask,
1757800421.4253638,10000227,3634.58,0,last,
1757800421.4253638,10000227,3634.1,0,bid,
1757800421.4253638,10000227,3635.13,0,ask,
1757800421.4531856,10000227,3634.58,0,last,
1757800421.4531856,10000227,3634.1,0,bid,
1757800421.4531856,10000227,3635.13,0,ask,
1757800421.4900305,10000227,3634.58,0,last,
1757800421.4900305,10000227,3634.1,0,bid,
1757800421.4900305,10000227,3635.13,0,ask,
1757800421.7844758,10000227,3634.65,0,last,
1757800421.7844758,10000227,3634.1,0,bid,
1757800421.7844758,10000227,3635.13,0,ask,
1757800422.4273074,10000227,3634.65,0,last,
1757800422.4273074,10000227,3634.1,0,bid,
1757800422.4273074,10000227,3635.13,0,ask,
1757800424.4649498,10000227,3634.65,0,last,
1757800424.4649498,10000227,3634.1,0,bid,
1757800424.4649498,10000227,3635.13,0,ask,
1757800424.4802477,10000227,3634.65,0,last,
1757800424.4802477,10000227,3634.1,0,bid,
1757800424.4802477,10000227,3635.13,0,ask,
1757800425.4294093,10000227,3634.65,0,last,
1757800425.4294093,10000227,3634.1,0,bid,
1757800425.4294093,10000227,3635.13,0,ask,
1757800426.5696523,10000227,3634.65,0,last,
1757800426.5696523,10000227,3634.1,0,bid,
1757800426.5696523,10000227,3635.13,0,ask,
1757800426.5791576,10000227,3634.65,0,last,
1757800426.5791576,10000227,3634.1,0,bid,
1757800426.5791576,10000227,3635.13,0,ask,
1757800426.632768,10000227,3634.65,0,last,
1757800426.632768,10000227,3634.1,0,bid,
1757800426.632768,10000227,3635.13,0,ask,
1757800427.426674,10000227,3634.65,0,last,
1757800427.426674,10000227,3634.1,0,bid,
1757800427.426674,10000227,3635.13,0,ask,
1757800428.460692,10000227,3634.65,0,last,
1757800428.460692,10000227,3634.1,0,bid,
1757800428.460692,10000227,3635.13,0,ask,
1757800430.4418046,10000227,3634.65,0,last,
1757800430.4418046,10000227,3634.1,0,bid,
1757800430.4418046,10000227,3635.13,0,ask,
1757800430.447518,10000227,3634.65,0,last,
1757800430.447518,10000227,3634.1,0,bid,
1757800430.447518,10000227,3635.13,0,ask,
1757800431.6785958,10000227,3634.65,0,last,
1757800431.6785958,10000227,3634.1,0,bid,
1757800431.6785958,10000227,3635.13,0,ask,
1757800431.6905541,10000227,3634.65,0,last,
1757800431.6905541,10000227,3634.1,0,bid,
1757800431.6905541,10000227,3635.13,0,ask,
1757800431.7292302,10000227,3634.65,0,last,
1757800431.7292302,10000227,3634.1,0,bid,
1757800431.7292302,10000227,3635.13,0,ask,
1757800432.4270866,10000227,3634.65,0,last,
1757800432.4270866,10000227,3634.1,0,bid,
1757800432.4270866,10000227,3635.13,0,ask,
1757800433.4252005,10000227,3634.65,0,last,
1757800433.4252005,10000227,3634.1,0,bid,
1757800433.4252005,10000227,3635.13,0,ask,
1757800435.5694702,10000227,3634.65,0,last,
1757800435.5694702,10000227,3634.1,0,bid,
1757800435.5694702,10000227,3635.13,0,ask,
1757800435.573607,10000227,3634.65,0,last,
1757800435.573607,10000227,3634.1,0,bid,
1757800435.573607,10000227,3635.13,0,ask,
1757800436.4269843,10000227,3634.65,0,last,
1757800436.4269843,10000227,3634.1,0,bid,
1757800436.4269843,10000227,3635.13,0,ask,
1757800436.45954,10000227,3634.65,0,last,
1757800436.45954,10000227,3634.1,0,bid,
1757800436.45954,10000227,3635.13,0,ask,
1757800436.495374,10000227,3634.65,0,last,
1757800436.495374,10000227,3634.1,0,bid,
1757800436.495374,10000227,3635.13,0,ask,
1757800436.8064728,10000227,3634.65,0,last,
1757800436.8064728,10000227,3634.1,0,bid,
1757800436.8064728,10000227,3635.13,0,ask,
1757800437.584799,10000227,3634.65,0,last,
1757800437.584799,10000227,3634.1,0,bid,
1757800437.584799,10000227,3635.13,0,ask,
1757800438.4431598,10000227,3634.65,0,last,
1757800438.4431598,10000227,3634.1,0,bid,
1757800438.4431598,10000227,3635.13,0,ask,
1757800439.6675162,10000227,3634.65,0,last,
1757800439.6675162,10000227,3634.1,0,bid,
1757800439.6675162,10000227,3635.13,0,ask,
1757800440.2573674,10000227,3634.65,0,last,
1757800440.2573674,10000227,3634.1,0,bid,
1757800440.2573674,10000227,3635.13,0,ask,
1757800441.1658835,10000227,3634.65,0,last,
1757800441.1658835,10000227,3634.1,0,bid,
1757800441.1658835,10000227,3635.13,0,ask,
1757800441.7952628,10000227,3634.65,0,last,
1757800441.7952628,10000227,3634.1,0,bid,
1757800441.7952628,10000227,3635.13,0,ask,
1757800441.8129814,10000227,3634.65,0,last,
1757800441.8129814,10000227,3634.1,0,bid,
1757800441.8129814,10000227,3635.13,0,ask,
1757800441.8420517,10000227,3634.65,0,last,
1757800441.8420517,10000227,3634.1,0,bid,
1757800441.8420517,10000227,3635.13,0,ask,
1757800442.4255586,10000227,3634.65,0,last,
1757800442.4255586,10000227,3634.1,0,bid,
1757800442.4255586,10000227,3635.13,0,ask,
1757800443.4263036,10000227,3634.65,0,last,
1757800443.4263036,10000227,3634.1,0,bid,
1757800443.4263036,10000227,3635.13,0,ask,
1757800445.6440213,10000227,3634.65,0,last,
1757800445.6440213,10000227,3634.1,0,bid,
1757800445.6440213,10000227,3635.13,0,ask,
1757800445.6465917,10000227,3634.65,0,last,
1757800445.6465917,10000227,3634.1,0,bid,
1757800445.6465917,10000227,3635.13,0,ask,
1757800446.8696766,10000227,3634.65,0,last,
1757800446.8696766,10000227,3634.1,0,bid,
1757800446.8696766,10000227,3635.13,0,ask,
1757800446.8841639,10000227,3634.65,0,last,
1757800446.8841639,10000227,3634.1,0,bid,
1757800446.8841639,10000227,3635.13,0,ask,
1757800446.9245174,10000227,3634.65,0,last,
1757800446.9245174,10000227,3634.1,0,bid,
1757800446.9245174,10000227,3635.13,0,ask,
1757800447.4740462,10000227,3634.65,0,last,
1757800447.4740462,10000227,3634.1,0,bid,
1757800447.4740462,10000227,3635.13,0,ask,
1757800447.7892556,10000227,3634.64,0,last,
1757800447.7892556,10000227,3634.1,0,bid,
1757800447.7892556,10000227,3635.13,0,ask,
1757800448.4293327,10000227,3634.64,0,last,
1757800448.4293327,10000227,3634.1,0,bid,
1757800448.4293327,10000227,3635.13,0,ask,
1757800449.4692657,10000227,3634.64,0,last,
1757800449.4692657,10000227,3634.1,0,bid,
1757800449.4692657,10000227,3635.13,0,ask,
1757800451.5144908,10000227,3634.64,0,last,
1757800451.5144908,10000227,3634.1,0,bid,
1757800451.5144908,10000227,3635.13,0,ask,
1757800451.5213323,10000227,3634.64,0,last,
1757800451.5213323,10000227,3634.1,0,bid,
1757800451.5213323,10000227,3635.13,0,ask,
1757800451.5323665,10000227,3634.64,0,last,
1757800451.5323665,10000227,3634.1,0,bid,
1757800451.5323665,10000227,3635.13,0,ask,
1757800451.5617168,10000227,3634.64,0,last,
1757800451.5617168,10000227,3634.1,0,bid,
1757800451.5617168,10000227,3635.13,0,ask,
1757800452.688059,10000227,3634.64,0,last,
1757800452.688059,10000227,3634.1,0,bid,
1757800452.688059,10000227,3635.13,0,ask,
1757800453.427577,10000227,3634.64,0,last,
1757800453.427577,10000227,3634.1,0,bid,
1757800453.427577,10000227,3635.13,0,ask,
1757800454.4261382,10000227,3634.64,0,last,
1757800454.4261382,10000227,3634.1,0,bid,
1757800454.4261382,10000227,3635.13,0,ask,
1757800454.800768,10000227,3634.66,0,last,
1757800454.800768,10000227,3634.1,0,bid,
1757800454.800768,10000227,3635.13,0,ask,
1757800456.4873292,10000227,3634.66,0,last,
1757800456.4873292,10000227,3634.1,0,bid,
1757800456.4873292,10000227,3635.13,0,ask,
1757800456.4891698,10000227,3634.66,0,last,
1757800456.4891698,10000227,3634.1,0,bid,
1757800456.4891698,10000227,3635.13,0,ask,
1757800456.4990525,10000227,3634.66,0,last,
1757800456.4990525,10000227,3634.1,0,bid,
1757800456.4990525,10000227,3635.13,0,ask,
1757800456.560229,10000227,3634.66,0,last,
1757800456.560229,10000227,3634.1,0,bid,
1757800456.560229,10000227,3635.13,0,ask,
1757800457.8218634,10000227,3634.66,0,last,
1757800457.8218634,10000227,3634.1,0,bid,
1757800457.8218634,10000227,3635.13,0,ask,
1757800458.4226608,10000227,3634.66,0,last,
1757800458.4226608,10000227,3634.1,0,bid,
1757800458.4226608,10000227,3635.13,0,ask,
1757800459.4246104,10000227,3634.66,0,last,
1757800459.4246104,10000227,3634.1,0,bid,
1757800459.4246104,10000227,3635.13,0,ask,
1757800461.5130835,10000227,3634.66,0,last,
1757800461.5130835,10000227,3634.1,0,bid,
1757800461.5130835,10000227,3635.13,0,ask,
1757800461.5156767,10000227,3634.66,0,last,
1757800461.5156767,10000227,3634.1,0,bid,
1757800461.5156767,10000227,3635.13,0,ask,
1757800461.5213695,10000227,3634.66,0,last,
1757800461.5213695,10000227,3634.1,0,bid,
1757800461.5213695,10000227,3635.13,0,ask,
1757800461.571749,10000227,3634.66,0,last,
1757800461.571749,10000227,3634.1,0,bid,
1757800461.571749,10000227,3635.13,0,ask,
1757800462.7098577,10000227,3634.66,0,last,
1757800462.7098577,10000227,3634.1,0,bid,
1757800462.7098577,10000227,3635.13,0,ask,
1757800463.440054,10000227,3634.66,0,last,
1757800463.440054,10000227,3634.1,0,bid,
1757800463.440054,10000227,3635.13,0,ask,
1757800464.422812,10000227,3634.66,0,last,
1757800464.422812,10000227,3634.1,0,bid,
1757800464.422812,10000227,3635.13,0,ask,
1757800465.4632683,10000227,3634.66,0,last,
1757800465.4632683,10000227,3634.1,0,bid,
1757800465.4632683,10000227,3635.13,0,ask,
1757800467.3587108,10000227,3634.66,0,last,
1757800467.3587108,10000227,3634.1,0,bid,
1757800467.3587108,10000227,3635.13,0,ask,
1757800467.3747427,10000227,3634.66,0,last,
1757800467.3747427,10000227,3634.1,0,bid,
1757800467.3747427,10000227,3635.13,0,ask,
1757800467.4115856,10000227,3634.66,0,last,
1757800467.4115856,10000227,3634.1,0,bid,
1757800467.4115856,10000227,3635.13,0,ask,
1757800467.4274018,10000227,3634.66,0,last,
1757800467.4274018,10000227,3634.1,0,bid,
1757800467.4274018,10000227,3635.13,0,ask,
1757800467.7944617,10000227,3634.6,0,last,
1757800467.7944617,10000227,3634.1,0,bid,
1757800467.7944617,10000227,3635.13,0,ask,
1757800468.6229227,10000227,3634.6,0,last,
1757800468.6229227,10000227,3634.1,0,bid,
1757800468.6229227,10000227,3635.13,0,ask,
1757800469.4227862,10000227,3634.6,0,last,
1757800469.4227862,10000227,3634.1,0,bid,
1757800469.4227862,10000227,3635.13,0,ask,
1757800470.4640882,10000227,3634.6,0,last,
1757800470.4640882,10000227,3634.1,0,bid,
1757800470.4640882,10000227,3635.13,0,ask,
1757800472.3421788,10000227,3634.6,0,last,
1757800472.3421788,10000227,3634.1,0,bid,
1757800472.3421788,10000227,3635.13,0,ask,
1757800472.3556528,10000227,3634.6,0,last,
1757800472.3556528,10000227,3634.1,0,bid,
1757800472.3556528,10000227,3635.13,0,ask,
1757800472.3909655,10000227,3634.6,0,last,
1757800472.3909655,10000227,3634.1,0,bid,
1757800472.3909655,10000227,3635.13,0,ask,
1757800472.4268796,10000227,3634.6,0,last,
1757800472.4268796,10000227,3634.1,0,bid,
1757800472.4268796,10000227,3635.13,0,ask,
1757800473.5215743,10000227,3634.6,0,last,
1757800473.5215743,10000227,3634.1,0,bid,
1757800473.5215743,10000227,3635.13,0,ask,
1757800474.4217148,10000227,3634.6,0,last,
1757800474.4217148,10000227,3634.1,0,bid,
1757800474.4217148,10000227,3635.13,0,ask,
1757800475.465219,10000227,3634.6,0,last,
1757800475.465219,10000227,3634.1,0,bid,
1757800475.465219,10000227,3635.13,0,ask,
1757800475.7922804,10000227,3634.65,0,last,
1757800475.7922804,10000227,3634.1,0,bid,
1757800475.7922804,10000227,3635.13,0,ask,
1757800477.425985,10000227,3634.65,0,last,
1757800477.425985,10000227,3634.1,0,bid,
1757800477.425985,10000227,3635.13,0,ask,
1757800477.4370677,10000227,3634.65,0,last,
1757800477.4370677,10000227,3634.1,0,bid,
1757800477.4370677,10000227,3635.13,0,ask,
1757800477.4448771,10000227,3634.65,0,last,
1757800477.4448771,10000227,3634.1,0,bid,
1757800477.4448771,10000227,3635.13,0,ask,
1757800477.4892719,10000227,3634.65,0,last,
1757800477.4892719,10000227,3634.1,0,bid,
1757800477.4892719,10000227,3635.13,0,ask,
1757800478.6360917,10000227,3634.65,0,last,
1757800478.6360917,10000227,3634.1,0,bid,
1757800478.6360917,10000227,3635.13,0,ask,
1757800479.4243996,10000227,3634.65,0,last,
1757800479.4243996,10000227,3634.1,0,bid,
1757800479.4243996,10000227,3635.13,0,ask,
1757800480.4710574,10000227,3634.65,0,last,
1757800480.4710574,10000227,3634.1,0,bid,
1757800480.4710574,10000227,3635.13,0,ask,
1757800482.334527,10000227,3634.65,0,last,
1757800482.334527,10000227,3634.1,0,bid,
1757800482.334527,10000227,3635.13,0,ask,
1757800482.3495202,10000227,3634.65,0,last,
1757800482.3495202,10000227,3634.1,0,bid,
1757800482.3495202,10000227,3635.13,0,ask,
1757800482.3800685,10000227,3634.65,0,last,
1757800482.3800685,10000227,3634.1,0,bid,
1757800482.3800685,10000227,3635.13,0,ask,
1757800482.798614,10000227,3634.34,0,last,
1757800482.798614,10000227,3634.1,0,bid,
1757800482.798614,10000227,3635.13,0,ask,
1757800482.9301372,10000227,3634.34,0,last,
1757800482.9301372,10000227,3634.1,0,bid,
1757800482.9301372,10000227,3635.13,0,ask,
1757800483.5158448,10000227,3634.34,0,last,
1757800483.5158448,10000227,3634.1,0,bid,
1757800483.5158448,10000227,3635.13,0,ask,
1757800484.4241354,10000227,3634.34,0,last,
1757800484.4241354,10000227,3634.1,0,bid,
1757800484.4241354,10000227,3635.13,0,ask,
1757800485.46114,10000227,3634.34,0,last,
1757800485.46114,10000227,3634.1,0,bid,
1757800485.46114,10000227,3635.13,0,ask,
1757800487.5403166,10000227,3634.34,0,last,
1757800487.5403166,10000227,3634.1,0,bid,
1757800487.5403166,10000227,3635.13,0,ask,
1757800487.5548646,10000227,3634.34,0,last,
1757800487.5548646,10000227,3634.1,0,bid,
1757800487.5548646,10000227,3635.13,0,ask,
1757800487.5568633,10000227,3634.34,0,last,
1757800487.5568633,10000227,3634.1,0,bid,
1757800487.5568633,10000227,3635.13,0,ask,
1757800487.585071,10000227,3634.34,0,last,
1757800487.585071,10000227,3634.1,0,bid,
1757800487.585071,10000227,3635.13,0,ask,
1757800488.7608032,10000227,3634.34,0,last,
1757800488.7608032,10000227,3634.1,0,bid,
1757800488.7608032,10000227,3635.13,0,ask,
1757800489.4286547,10000227,3634.34,0,last,
1757800489.4286547,10000227,3634.1,0,bid,
1757800489.4286547,10000227,3635.13,0,ask,
1757800490.423758,10000227,3634.34,0,last,
1757800490.423758,10000227,3634.1,0,bid,
1757800490.423758,10000227,3635.13,0,ask,
1757800492.6862383,10000227,3634.34,0,last,
1757800492.6862383,10000227,3634.1,0,bid,
1757800492.6862383,10000227,3635.13,0,ask,
1757800492.6949716,10000227,3634.34,0,last,
1757800492.6949716,10000227,3634.1,0,bid,
1757800492.6949716,10000227,3635.13,0,ask,
1757800492.6980581,10000227,3634.34,0,last,
1757800492.6980581,10000227,3634.1,0,bid,
1757800492.6980581,10000227,3635.13,0,ask,
1757800492.7770073,10000227,3634.34,0,last,
1757800492.7770073,10000227,3634.1,0,bid,
1757800492.7770073,10000227,3635.13,0,ask,
1757800493.5991077,10000227,3634.34,0,last,
1757800493.5991077,10000227,3634.1,0,bid,
1757800493.5991077,10000227,3635.13,0,ask,
1757800494.7777977,10000227,3634.34,0,last,
1757800494.7777977,10000227,3634.1,0,bid,
1757800494.7777977,10000227,3635.13,0,ask,
1757800494.7932744,10000227,3634.33,0,last,
1757800494.7932744,10000227,3634.1,0,bid,
1757800494.7932744,10000227,3635.13,0,ask,
1757800495.424906,10000227,3634.33,0,last,
1757800495.424906,10000227,3634.1,0,bid,
1757800495.424906,10000227,3635.13,0,ask,
1757800497.5620537,10000227,3634.33,0,last,
1757800497.5620537,10000227,3634.1,0,bid,
1757800497.5620537,10000227,3635.13,0,ask,
1757800497.5687966,10000227,3634.33,0,last,
1757800497.5687966,10000227,3634.1,0,bid,
1757800497.5687966,10000227,3635.13,0,ask,
1757800497.5807126,10000227,3634.33,0,last,
1757800497.5807126,10000227,3634.1,0,bid,
1757800497.5807126,10000227,3635.13,0,ask,
1757800497.6537526,10000227,3634.33,0,last,
1757800497.6537526,10000227,3634.1,0,bid,
1757800497.6537526,10000227,3635.13,0,ask,
1757800498.8205543,10000227,3634.33,0,last,
1757800498.8205543,10000227,3634.1,0,bid,
1757800498.8205543,10000227,3635.13,0,ask,
1757800499.4248366,10000227,3634.33,0,last,
1757800499.4248366,10000227,3634.1,0,bid,
1757800499.4248366,10000227,3635.13,0,ask,
1757800500.2615104,10000227,3634.33,0,last,
1757800500.2615104,10000227,3634.1,0,bid,
1757800500.2615104,10000227,3635.13,0,ask,
1757800500.4300182,10000227,3634.33,0,last,
1757800500.4300182,10000227,3634.1,0,bid,
1757800500.4300182,10000227,3635.13,0,ask,
1757800502.5813627,10000227,3634.33,0,last,
1757800502.5813627,10000227,3634.1,0,bid,
1757800502.5813627,10000227,3635.13,0,ask,
1757800502.5853899,10000227,3634.33,0,last,
1757800502.5853899,10000227,3634.1,0,bid,
1757800502.5853899,10000227,3635.13,0,ask,
1757800502.598954,10000227,3634.33,0,last,
1757800502.598954,10000227,3634.1,0,bid,
1757800502.598954,10000227,3635.13,0,ask,
1757800502.6402402,10000227,3634.33,0,last,
1757800502.6402402,10000227,3634.1,0,bid,
1757800502.6402402,10000227,3635.13,0,ask,
1757800503.4253743,10000227,3634.33,0,last,
1757800503.4253743,10000227,3634.1,0,bid,
1757800503.4253743,10000227,3635.13,0,ask,
1757800503.7951274,10000227,3634.32,0,last,
1757800503.7951274,10000227,3634.1,0,bid,
1757800503.7951274,10000227,3635.13,0,ask,
1757800504.61142,10000227,3634.32,0,last,
1757800504.61142,10000227,3634.1,0,bid,
1757800504.61142,10000227,3635.13,0,ask,
1757800505.42176,10000227,3634.32,0,last,
1757800505.42176,10000227,3634.1,0,bid,
1757800505.42176,10000227,3635.13,0,ask,
1757800507.4749284,10000227,3634.32,0,last,
1757800507.4749284,10000227,3634.1,0,bid,
1757800507.4749284,10000227,3635.13,0,ask,
1757800507.48478,10000227,3634.32,0,last,
1757800507.48478,10000227,3634.1,0,bid,
1757800507.48478,10000227,3635.13,0,ask,
1757800507.4919455,10000227,3634.32,0,last,
1757800507.4919455,10000227,3634.1,0,bid,
1757800507.4919455,10000227,3635.13,0,ask,
1757800507.5286613,10000227,3634.32,0,last,
1757800507.5286613,10000227,3634.1,0,bid,
1757800507.5286613,10000227,3635.13,0,ask,
1757800509.1119838,10000227,3634.32,0,last,
1757800509.1119838,10000227,3634.1,0,bid,
1757800509.1119838,10000227,3635.13,0,ask,
1757800509.7568414,10000227,3634.32,0,last,
1757800509.7568414,10000227,3634.1,0,bid,
1757800509.7568414,10000227,3635.13,0,ask,
1757800510.4264107,10000227,3634.32,0,last,
1757800510.4264107,10000227,3634.1,0,bid,
1757800510.4264107,10000227,3635.13,0,ask,
1757800512.5704887,10000227,3634.32,0,last,
1757800512.5704887,10000227,3634.1,0,bid,
1757800512.5704887,10000227,3635.13,0,ask,
1757800512.5777948,10000227,3634.32,0,last,
1757800512.5777948,10000227,3634.1,0,bid,
1757800512.5777948,10000227,3635.13,0,ask,
1757800512.7007546,10000227,3634.32,0,last,
1757800512.7007546,10000227,3634.1,0,bid,
1757800512.7007546,10000227,3635.13,0,ask,
1757800512.703755,10000227,3634.32,0,last,
1757800512.703755,10000227,3634.1,0,bid,
1757800512.703755,10000227,3635.13,0,ask,
1757800513.4225717,10000227,3634.32,0,last,
1757800513.4225717,10000227,3634.1,0,bid,
1757800513.4225717,10000227,3635.13,0,ask,
1757800514.476987,10000227,3634.32,0,last,
1757800514.476987,10000227,3634.1,0,bid,
1757800514.476987,10000227,3635.13,0,ask,
1757800515.425142,10000227,3634.32,0,last,
1757800515.425142,10000227,3634.1,0,bid,
1757800515.425142,10000227,3635.13,0,ask,
1757800516.464112,10000227,3634.32,0,last,
1757800516.464112,10000227,3634.1,0,bid,
1757800516.464112,10000227,3635.13,0,ask,
1757800516.4785962,10000227,3634.32,0,last,
1757800516.4785962,10000227,3634.1,0,bid,
1757800516.4785962,10000227,3635.13,0,ask,
1757800516.5594547,10000227,3634.32,0,last,
1757800516.5594547,10000227,3634.1,0,bid,
1757800516.5594547,10000227,3635.13,0,ask,
1757800517.804583,10000227,3634.27,0,last,
1757800517.804583,10000227,3634.1,0,bid,
1757800517.804583,10000227,3635.13,0,ask,
1757800518.3583684,10000227,3634.27,0,last,
1757800518.3583684,10000227,3634.1,0,bid,
1757800518.3583684,10000227,3635.13,0,ask,
1757800518.9750788,10000227,3634.27,0,last,
1757800518.9750788,10000227,3634.1,0,bid,
1757800518.9750788,10000227,3635.13,0,ask,
1757800639.39726,10000227,3634.35,0,last,
1757800639.39726,10000227,3633.79,0,bid,
1757800639.39726,10000227,3634.82,0,ask,
1757800639.5062776,10000227,3634.35,0,last,
1757800639.5062776,10000227,3633.79,0,bid,
1757800639.5062776,10000227,3634.82,0,ask,
1757800640.4187148,10000227,3634.35,0,last,
1757800640.4187148,10000227,3633.79,0,bid,
1757800640.4187148,10000227,3634.82,0,ask,
1757800641.4591122,10000227,3634.35,0,last,
1757800641.4591122,10000227,3633.79,0,bid,
1757800641.4591122,10000227,3634.82,0,ask,
1757800641.4721556,10000227,3634.35,0,last,
1757800641.4721556,10000227,3633.79,0,bid,
1757800641.4721556,10000227,3634.82,0,ask,
1757800641.5512996,10000227,3634.35,0,last,
1757800641.5512996,10000227,3633.79,0,bid,
1757800641.5512996,10000227,3634.82,0,ask,
1757800641.8050275,10000227,3634.27,0,last,
1757800641.8050275,10000227,3633.79,0,bid,
1757800641.8050275,10000227,3634.82,0,ask,
1757800643.360748,10000227,3634.27,0,last,
1757800643.360748,10000227,3633.79,0,bid,
1757800643.360748,10000227,3634.82,0,ask,
1757800643.4193895,10000227,3634.27,0,last,
1757800643.4193895,10000227,3633.79,0,bid,
1757800643.4193895,10000227,3634.82,0,ask,
1757800644.5126524,10000227,3634.27,0,last,
1757800644.5126524,10000227,3633.79,0,bid,
1757800644.5126524,10000227,3634.82,0,ask,
1757800645.4204738,10000227,3634.27,0,last,
1757800645.4204738,10000227,3633.79,0,bid,
1757800645.4204738,10000227,3634.82,0,ask,
1757800646.4204533,10000227,3634.27,0,last,
1757800646.4204533,10000227,3633.79,0,bid,
1757800646.4204533,10000227,3634.82,0,ask,
1757800646.4502604,10000227,3634.27,0,last,
1757800646.4502604,10000227,3633.79,0,bid,
1757800646.4502604,10000227,3634.82,0,ask,
1757800646.4788618,10000227,3634.27,0,last,
1757800646.4788618,10000227,3633.79,0,bid,
1757800646.4788618,10000227,3634.82,0,ask,
1757800648.4708972,10000227,3634.27,0,last,
1757800648.4708972,10000227,3633.79,0,bid,
1757800648.4708972,10000227,3634.82,0,ask,
1757800648.477176,10000227,3634.27,0,last,
1757800648.477176,10000227,3633.79,0,bid,
1757800648.477176,10000227,3634.82,0,ask,
1757800648.8630068,10000227,3634.34,0,last,
1757800648.8630068,10000227,3633.79,0,bid,
1757800648.8630068,10000227,3634.82,0,ask,
1757800649.4248948,10000227,3634.34,0,last,
1757800649.4248948,10000227,3633.79,0,bid,
1757800649.4248948,10000227,3634.82,0,ask,
1757800650.4259973,10000227,3634.34,0,last,
1757800650.4259973,10000227,3633.79,0,bid,
1757800650.4259973,10000227,3634.82,0,ask,
1757800651.4245396,10000227,3634.34,0,last,
1757800651.4245396,10000227,3633.79,0,bid,
1757800651.4245396,10000227,3634.82,0,ask,
1757800651.455931,10000227,3634.34,0,last,
1757800651.455931,10000227,3633.79,0,bid,
1757800651.455931,10000227,3634.82,0,ask,
1757800651.4919355,10000227,3634.34,0,last,
1757800651.4919355,10000227,3633.79,0,bid,
1757800651.4919355,10000227,3634.82,0,ask,
1757800652.463937,10000227,3634.34,0,last,
1757800652.463937,10000227,3633.79,0,bid,
1757800652.463937,10000227,3634.82,0,ask,
1757800654.3817513,10000227,3634.34,0,last,
1757800654.3817513,10000227,3633.79,0,bid,
1757800654.3817513,10000227,3634.82,0,ask,
1757800654.9705687,10000227,3634.34,0,last,
1757800654.9705687,10000227,3633.79,0,bid,
1757800654.9705687,10000227,3634.82,0,ask,
1757800655.5480874,10000227,3634.34,0,last,
1757800655.5480874,10000227,3633.79,0,bid,
1757800655.5480874,10000227,3634.82,0,ask,
1757800656.4299755,10000227,3634.34,0,last,
1757800656.4299755,10000227,3633.79,0,bid,
1757800656.4299755,10000227,3634.82,0,ask,
1757800656.4601164,10000227,3634.34,0,last,
1757800656.4601164,10000227,3633.79,0,bid,
1757800656.4601164,10000227,3634.82,0,ask,
1757800656.5007672,10000227,3634.34,0,last,
1757800656.5007672,10000227,3633.79,0,bid,
1757800656.5007672,10000227,3634.82,0,ask,
1757800657.4301448,10000227,3634.34,0,last,
1757800657.4301448,10000227,3633.79,0,bid,
1757800657.4301448,10000227,3634.82,0,ask,
1757800659.6314895,10000227,3634.34,0,last,
1757800659.6314895,10000227,3633.79,0,bid,
1757800659.6314895,10000227,3634.82,0,ask,
1757800659.6361446,10000227,3634.34,0,last,
1757800659.6361446,10000227,3633.79,0,bid,
1757800659.6361446,10000227,3634.82,0,ask,
1757800660.872238,10000227,3634.34,0,last,
1757800660.872238,10000227,3633.79,0,bid,
1757800660.872238,10000227,3634.82,0,ask,
1757800661.4442668,10000227,3634.34,0,last,
1757800661.4442668,10000227,3633.79,0,bid,
1757800661.4442668,10000227,3634.82,0,ask,
1757800661.4650025,10000227,3634.34,0,last,
1757800661.4650025,10000227,3633.79,0,bid,
1757800661.4650025,10000227,3634.82,0,ask,
1757800661.4962912,10000227,3634.34,0,last,
1757800661.4962912,10000227,3633.79,0,bid,
1757800661.4962912,10000227,3634.82,0,ask,
1757800662.4255419,10000227,3634.34,0,last,
1757800662.4255419,10000227,3633.79,0,bid,
1757800662.4255419,10000227,3634.82,0,ask,
1757800664.477584,10000227,3634.34,0,last,
1757800664.477584,10000227,3633.79,0,bid,
1757800664.477584,10000227,3634.82,0,ask,
1757800664.4778702,10000227,3634.34,0,last,
1757800664.4778702,10000227,3633.79,0,bid,
1757800664.4778702,10000227,3634.82,0,ask,
1757800664.7850878,10000227,3634.32,0,last,
1757800664.7850878,10000227,3633.79,0,bid,
1757800664.7850878,10000227,3634.82,0,ask,
1757800665.423027,10000227,3634.32,0,last,
1757800665.423027,10000227,3633.79,0,bid,
1757800665.423027,10000227,3634.82,0,ask,
1757800666.5212424,10000227,3634.32,0,last,
1757800666.5212424,10000227,3633.79,0,bid,
1757800666.5212424,10000227,3634.82,0,ask,
1757800666.5350614,10000227,3634.32,0,last,
1757800666.5350614,10000227,3633.79,0,bid,
1757800666.5350614,10000227,3634.82,0,ask,
1757800666.5721762,10000227,3634.32,0,last,
1757800666.5721762,10000227,3633.79,0,bid,
1757800666.5721762,10000227,3634.82,0,ask,
1757800667.420877,10000227,3634.32,0,last,
1757800667.420877,10000227,3633.79,0,bid,
1757800667.420877,10000227,3634.82,0,ask,
1757800669.5035098,10000227,3634.32,0,last,
1757800669.5035098,10000227,3633.79,0,bid,
1757800669.5035098,10000227,3634.82,0,ask,
1757800669.5096529,10000227,3634.32,0,last,
1757800669.5096529,10000227,3633.79,0,bid,
1757800669.5096529,10000227,3634.82,0,ask,
1757800670.7307532,10000227,3634.32,0,last,
1757800670.7307532,10000227,3633.79,0,bid,
1757800670.7307532,10000227,3634.82,0,ask,
1757800671.4227138,10000227,3634.32,0,last,
1757800671.4227138,10000227,3633.79,0,bid,
1757800671.4227138,10000227,3634.82,0,ask,
1757800671.4524908,10000227,3634.32,0,last,
1757800671.4524908,10000227,3633.79,0,bid,
1757800671.4524908,10000227,3634.82,0,ask,
1757800671.482708,10000227,3634.32,0,last,
1757800671.482708,10000227,3633.79,0,bid,
1757800671.482708,10000227,3634.82,0,ask,
1757800672.423716,10000227,3634.32,0,last,
1757800672.423716,10000227,3633.79,0,bid,
1757800672.423716,10000227,3634.82,0,ask,
1757800674.3632574,10000227,3634.32,0,last,
1757800674.3632574,10000227,3633.79,0,bid,
1757800674.3632574,10000227,3634.82,0,ask,
1757800674.461859,10000227,3634.32,0,last,
1757800674.461859,10000227,3633.79,0,bid,
1757800674.461859,10000227,3634.82,0,ask,
1757800675.7919097,10000227,3634.34,0,last,
1757800675.7919097,10000227,3633.79,0,bid,
1757800675.7919097,10000227,3634.82,0,ask,
1757800675.8857484,10000227,3634.34,0,last,
1757800675.8857484,10000227,3633.79,0,bid,
1757800675.8857484,10000227,3634.82,0,ask,
1757800676.4753346,10000227,3634.34,0,last,
1757800676.4753346,10000227,3633.79,0,bid,
1757800676.4753346,10000227,3634.82,0,ask,
1757800676.4884639,10000227,3634.34,0,last,
1757800676.4884639,10000227,3633.79,0,bid,
1757800676.4884639,10000227,3634.82,0,ask,
1757800676.5313382,10000227,3634.34,0,last,
1757800676.5313382,10000227,3633.79,0,bid,
1757800676.5313382,10000227,3634.82,0,ask,
1757800677.425221,10000227,3634.34,0,last,
1757800677.425221,10000227,3633.79,0,bid,
1757800677.425221,10000227,3634.82,0,ask,
1757800678.4642,10000227,3634.34,0,last,
1757800678.4642,10000227,3633.79,0,bid,
1757800678.4642,10000227,3634.82,0,ask,
1757800680.2740078,10000227,3634.34,0,last,
1757800680.2740078,10000227,3633.79,0,bid,
1757800680.2740078,10000227,3634.82,0,ask,
1757800680.415638,10000227,3634.34,0,last,
1757800680.415638,10000227,3633.79,0,bid,
1757800680.415638,10000227,3634.82,0,ask,
1757800681.0676107,10000227,3634.34,0,last,
1757800681.0676107,10000227,3633.79,0,bid,
1757800681.0676107,10000227,3634.82,0,ask,
1757800681.6601367,10000227,3634.34,0,last,
1757800681.6601367,10000227,3633.79,0,bid,
1757800681.6601367,10000227,3634.82,0,ask,
1757800681.6837409,10000227,3634.34,0,last,
1757800681.6837409,10000227,3633.79,0,bid,
1757800681.6837409,10000227,3634.82,0,ask,
1757800681.7132454,10000227,3634.34,0,last,
1757800681.7132454,10000227,3633.79,0,bid,
1757800681.7132454,10000227,3634.82,0,ask,
1757800682.4257693,10000227,3634.34,0,last,
1757800682.4257693,10000227,3633.79,0,bid,
1757800682.4257693,10000227,3634.82,0,ask,
1757800683.42886,10000227,3634.34,0,last,
1757800683.42886,10000227,3633.79,0,bid,
1757800683.42886,10000227,3634.82,0,ask,
1757800685.693653,10000227,3634.34,0,last,
1757800685.693653,10000227,3633.79,0,bid,
1757800685.693653,10000227,3634.82,0,ask,
1757800685.6938436,10000227,3634.34,0,last,
1757800685.6938436,10000227,3633.79,0,bid,
1757800685.6938436,10000227,3634.82,0,ask,
1757800686.9399815,10000227,3634.34,0,last,
1757800686.9399815,10000227,3633.79,0,bid,
1757800686.9399815,10000227,3634.82,0,ask,
1757800686.9460602,10000227,3634.34,0,last,
1757800686.9460602,10000227,3633.79,0,bid,
1757800686.9460602,10000227,3634.82,0,ask,
1757800686.987865,10000227,3634.34,0,last,
1757800686.987865,10000227,3633.79,0,bid,
1757800686.987865,10000227,3634.82,0,ask,
1757800687.5233893,10000227,3634.34,0,last,
1757800687.5233893,10000227,3633.79,0,bid,
1757800687.5233893,10000227,3634.82,0,ask,
1757800688.430052,10000227,3634.34,0,last,
1757800688.430052,10000227,3633.79,0,bid,
1757800688.430052,10000227,3634.82,0,ask,
1757800690.3846495,10000227,3634.34,0,last,
1757800690.3846495,10000227,3633.79,0,bid,
1757800690.3846495,10000227,3634.82,0,ask,
1757800690.7914596,10000227,3634.31,0,last,
1757800690.7914596,10000227,3633.79,0,bid,
1757800690.7914596,10000227,3634.82,0,ask,
1757800691.108129,10000227,3634.31,0,last,
1757800691.108129,10000227,3633.79,0,bid,
1757800691.108129,10000227,3634.82,0,ask,
1757800691.7034633,10000227,3634.31,0,last,
1757800691.7034633,10000227,3633.79,0,bid,
1757800691.7034633,10000227,3634.82,0,ask,
1757800691.7154582,10000227,3634.31,0,last,
1757800691.7154582,10000227,3633.79,0,bid,
1757800691.7154582,10000227,3634.82,0,ask,
1757800691.7510822,10000227,3634.31,0,last,
1757800691.7510822,10000227,3633.79,0,bid,
1757800691.7510822,10000227,3634.82,0,ask,
1757800692.431258,10000227,3634.31,0,last,
1757800692.431258,10000227,3633.79,0,bid,
1757800692.431258,10000227,3634.82,0,ask,
1757800693.4258478,10000227,3634.31,0,last,
1757800693.4258478,10000227,3633.79,0,bid,
1757800693.4258478,10000227,3634.82,0,ask,
1757800695.4685225,10000227,3634.31,0,last,
1757800695.4685225,10000227,3633.79,0,bid,
1757800695.4685225,10000227,3634.82,0,ask,
1757800695.4720697,10000227,3634.31,0,last,
1757800695.4720697,10000227,3633.79,0,bid,
1757800695.4720697,10000227,3634.82,0,ask,
1757800696.692924,10000227,3634.31,0,last,
1757800696.692924,10000227,3633.79,0,bid,
1757800696.692924,10000227,3634.82,0,ask,
1757800696.7044086,10000227,3634.31,0,last,
1757800696.7044086,10000227,3633.79,0,bid,
1757800696.7044086,10000227,3634.82,0,ask,
1757800696.7502232,10000227,3634.31,0,last,
1757800696.7502232,10000227,3633.79,0,bid,
1757800696.7502232,10000227,3634.82,0,ask,
1757800697.426221,10000227,3634.31,0,last,
1757800697.426221,10000227,3633.79,0,bid,
1757800697.426221,10000227,3634.82,0,ask,
1757800698.424544,10000227,3634.31,0,last,
1757800698.424544,10000227,3633.79,0,bid,
1757800698.424544,10000227,3634.82,0,ask,
1757800700.5690846,10000227,3634.31,0,last,
1757800700.5690846,10000227,3633.79,0,bid,
1757800700.5690846,10000227,3634.82,0,ask,
1757800700.5745265,10000227,3634.31,0,last,
1757800700.5745265,10000227,3633.79,0,bid,
1757800700.5745265,10000227,3634.82,0,ask,
1757800701.4184358,10000227,3634.31,0,last,
1757800701.4184358,10000227,3633.79,0,bid,
1757800701.4184358,10000227,3634.82,0,ask,
1757800701.4535043,10000227,3634.31,0,last,
1757800701.4535043,10000227,3633.79,0,bid,
1757800701.4535043,10000227,3634.82,0,ask,
1757800701.4877276,10000227,3634.31,0,last,
1757800701.4877276,10000227,3633.79,0,bid,
1757800701.4877276,10000227,3634.82,0,ask,
1757800702.5079093,10000227,3634.31,0,last,
1757800702.5079093,10000227,3633.79,0,bid,
1757800702.5079093,10000227,3634.82,0,ask,
1757800702.7905176,10000227,3634.32,0,last,
1757800702.7905176,10000227,3633.79,0,bid,
1757800702.7905176,10000227,3634.82,0,ask,
1757800703.4225223,10000227,3634.32,0,last,
1757800703.4225223,10000227,3633.79,0,bid,
1757800703.4225223,10000227,3634.82,0,ask,
1757800704.458962,10000227,3634.32,0,last,
1757800704.458962,10000227,3633.79,0,bid,
1757800704.458962,10000227,3634.82,0,ask,
1757800706.3735678,10000227,3634.32,0,last,
1757800706.3735678,10000227,3633.79,0,bid,
1757800706.3735678,10000227,3634.82,0,ask,
1757800706.420521,10000227,3634.32,0,last,
1757800706.420521,10000227,3633.79,0,bid,
1757800706.420521,10000227,3634.82,0,ask,
1757800706.4549832,10000227,3634.32,0,last,
1757800706.4549832,10000227,3633.79,0,bid,
1757800706.4549832,10000227,3634.82,0,ask,
1757800706.4862375,10000227,3634.32,0,last,
1757800706.4862375,10000227,3633.79,0,bid,
1757800706.4862375,10000227,3634.82,0,ask,
1757800707.5514328,10000227,3634.32,0,last,
1757800707.5514328,10000227,3633.79,0,bid,
1757800707.5514328,10000227,3634.82,0,ask,
1757800708.426993,10000227,3634.32,0,last,
1757800708.426993,10000227,3633.79,0,bid,
1757800708.426993,10000227,3634.82,0,ask,
1757800709.4647603,10000227,3634.32,0,last,
1757800709.4647603,10000227,3633.79,0,bid,
1757800709.4647603,10000227,3634.82,0,ask,
1757800711.3886776,10000227,3634.32,0,last,
1757800711.3886776,10000227,3633.79,0,bid,
1757800711.3886776,10000227,3634.82,0,ask,
1757800711.988292,10000227,3634.32,0,last,
1757800711.988292,10000227,3633.79,0,bid,
1757800711.988292,10000227,3634.82,0,ask,
1757800712.0030432,10000227,3634.32,0,last,
1757800712.0030432,10000227,3633.79,0,bid,
1757800712.0030432,10000227,3634.82,0,ask,
1757800712.039831,10000227,3634.32,0,last,
1757800712.039831,10000227,3633.79,0,bid,
1757800712.039831,10000227,3634.82,0,ask,
1757800712.5878088,10000227,3634.32,0,last,
1757800712.5878088,10000227,3633.79,0,bid,
1757800712.5878088,10000227,3634.82,0,ask,
1757800713.4275308,10000227,3634.32,0,last,
1757800713.4275308,10000227,3633.79,0,bid,
1757800713.4275308,10000227,3634.82,0,ask,
1757800713.79094,10000227,3634.29,0,last,
1757800713.79094,10000227,3633.79,0,bid,
1757800713.79094,10000227,3634.82,0,ask,
1757800714.4636903,10000227,3634.29,0,last,
1757800714.4636903,10000227,3633.79,0,bid,
1757800714.4636903,10000227,3634.82,0,ask,
1757800716.401758,10000227,3634.29,0,last,
1757800716.401758,10000227,3633.79,0,bid,
1757800716.401758,10000227,3634.82,0,ask,
1757800716.4274473,10000227,3634.29,0,last,
1757800716.4274473,10000227,3633.79,0,bid,
1757800716.4274473,10000227,3634.82,0,ask,
1757800716.4624348,10000227,3634.29,0,last,
1757800716.4624348,10000227,3633.79,0,bid,
1757800716.4624348,10000227,3634.82,0,ask,
1757800716.495371,10000227,3634.29,0,last,
1757800716.495371,10000227,3633.79,0,bid,
1757800716.495371,10000227,3634.82,0,ask,
1757800717.5900989,10000227,3634.29,0,last,
1757800717.5900989,10000227,3633.79,0,bid,
1757800717.5900989,10000227,3634.82,0,ask,
1757800718.4360332,10000227,3634.29,0,last,
1757800718.4360332,10000227,3633.79,0,bid,
1757800718.4360332,10000227,3634.82,0,ask,
1757800719.437886,10000227,3634.29,0,last,
1757800719.437886,10000227,3633.79,0,bid,
1757800719.437886,10000227,3634.82,0,ask,
1757800721.6002805,10000227,3634.29,0,last,
1757800721.6002805,10000227,3633.79,0,bid,
1757800721.6002805,10000227,3634.82,0,ask,
1757800721.605175,10000227,3634.29,0,last,
1757800721.605175,10000227,3633.79,0,bid,
1757800721.605175,10000227,3634.82,0,ask,
1757800721.6187513,10000227,3634.29,0,last,
1757800721.6187513,10000227,3633.79,0,bid,
1757800721.6187513,10000227,3634.82,0,ask,
1757800721.6451108,10000227,3634.29,0,last,
1757800721.6451108,10000227,3633.79,0,bid,
1757800721.6451108,10000227,3634.82,0,ask,
1757800722.8541465,10000227,3634.29,0,last,
1757800722.8541465,10000227,3633.79,0,bid,
1757800722.8541465,10000227,3634.82,0,ask,
1757800723.4430432,10000227,3634.29,0,last,
1757800723.4430432,10000227,3633.79,0,bid,
1757800723.4430432,10000227,3634.82,0,ask,
1757800724.4258945,10000227,3634.29,0,last,
1757800724.4258945,10000227,3633.79,0,bid,
1757800724.4258945,10000227,3634.82,0,ask,
1757800725.463384,10000227,3634.29,0,last,
1757800725.463384,10000227,3633.79,0,bid,
1757800725.463384,10000227,3634.82,0,ask,
1757800727.5323014,10000227,3634.29,0,last,
1757800727.5323014,10000227,3633.79,0,bid,
1757800727.5323014,10000227,3634.82,0,ask,
1757800727.5363889,10000227,3634.29,0,last,
1757800727.5363889,10000227,3633.79,0,bid,
1757800727.5363889,10000227,3634.82,0,ask,
